4242 5767
885 907 961 950 vrri
977 904 1093 950 saucrr
1108 904 1264 949 ausaaur.
1492 890 1555 949 357

604 1059 690 1123 aliud
702 1060 853 1124 babebat.
883 1061 957 1123 Jam
967 1058 1124 1121 invaserat
1135 1058 1219 1138 ignis
1230 1056 1325 1135 edax,
1336 1057 1392 1141 qui
1408 1057 1554 1121 universa

603 1162 772 1225 consumit.
818 1163 896 1225 Non
920 1173 986 1224 erat
1010 1160 1133 1222 bomini
1155 1159 1319 1234 solatium3
1350 1179 1449 1242 quum
1472 1178 1551 1221 ecce

575 1263 624 1327 fra
639 1275 688 1326 ter
709 1286 793 1327 unus
818 1273 939 1339 monet,
958 1275 995 1325 ut
1019 1263 1183 1324 nutritoris
1204 1263 1251 1324 sui
1272 1261 1414 1324 Anselmi
1436 1261 1548 1323 memi-

599 1366 690 1444 nerit,
714 1366 808 1449 eique
832 1365 1010 1428 committat
1032 1364 1174 1437 domum,
1197 1363 1251 1446 qui
1277 1363 1422 1425 flammas
1444 1362 1549 1424 extin-

602 1487 697 1547 guere
710 1467 884 1530 consuerit.
915 1467 1009 1529 Paret
1023 1467 1089 1540 ille,
1100 1476 1132 1528 et
1143 1464 1287 1527 nondum
1298 1464 1389 1527 finita
1399 1464 1551 1526 Oratione

603 1567 778 1632 Dominica
804 1570 934 1632 domum
959 1590 1050 1632 suam
1080 1569 1121 1631 ab
1146 1566 1297 1630 incendio
1322 1567 1391 1628 sinc
1419 1566 1550 1629 laesione

604 1669 733 1732 miratur
762 1684 793 1732 et
821 1670 946 1733 lactatur
975 1681 1168 1752 exemptam.
1220 1667 1333 1731 Helias
1361 1667 1552 1730 venerabilis

604 1770 704 1833 abbas
720 1783 838 1836 sanctae
853 1773 1016 1836 Trinitatis
1030 1772 1064 1834 in
1080 1781 1187 1833 monte
1207 1769 1387 1851 Rotomagi,
1402 1771 1552 1852 precibus

605 1883 637 1934 ct
659 1874 779 1935 meritis
798 1874 883 1936 beati
898 1874 1054 1951 Anselmi,
1070 1893 1166 1956 quum
1188 1872 1229 1935 ab
1249 1892 1290 1934 eo
1310 1871 1519 1949 ordinaretur,
1533 1893 1554 1935 a

604 1986 727 2036 tumore
747 1987 779 2037 et
799 1974 908 2037 dolore
929 1995 1082 2057 genuum,
1097 1975 1214 2058 quibus
1234 1972 1314 2035 adeo
1329 1974 1504 2035 vexabatur
1518 1983 1555 2037 ut

604 2075 660 2137 rix
689 2075 837 2139 incedere
866 2079 978 2159 possit,
1001 2099 1035 2140 se
1062 2077 1188 2161 publice
1218 2075 1382 2138 consessus
1407 2087 1456 2137 cst
1481 2095 1553 2139 essa

605 2185 758 2238 curatum.
804 2176 869 2239 Sed
900 2179 973 2261 quis
997 2199 1057 2259 ego
1081 2199 1162 2254 sum,
1186 2188 1223 2239 ut
1248 2197 1390 2239 enarrem
1411 2175 1554 2259 justitias

605 2275 748 2356 Domini,
777 2290 810 2340 et
839 2280 918 2341 tanti
948 2281 1045 2363 patris
1076 2279 1237 2361 praeconia
1266 2298 1320 2341 ore
1349 2278 1399 2340 rel
1429 2277 1553 2341 calamo

602 2390 859 2461 praesumptuoso
882 2379 1091 2461 contingam?
1130 2381 1223 2442 Vires
1243 2379 1371 2463 quidem
1393 2399 1481 2440 meas
1495 2399 1553 2441 ex·

604 2480 691 2543 cedit
706 2492 737 2543 et
752 2483 874 2555 merita,
889 2495 925 2544 ut
944 2494 1066 2546 tantum
1087 2483 1300 2544 consessorem
1321 2481 1417 2560 digne
1433 2478 1553 2543 descri-

603 2581 694 2656 bam;
725 2593 758 2643 et
783 2582 892 2665 inepte
916 2581 1094 2646 describere
1115 2594 1193 2644 nota
1214 2581 1472 2665 praesumptionis
1495 2593 1556 2661 est,

606 2693 639 2744 et
653 2702 703 2744 res
717 2680 791 2765 jure
812 2694 843 2746 et
860 2684 970 2748 merito
990 2685 1133 2747 obnoxia
1153 2704 1269 2767 poenae.
1314 2681 1378 2747 Sed
1397 2682 1555 2767 propitius

605 2783 682 2846 mihi
706 2785 747 2847 sit
769 2795 858 2868 patcr
874 2783 1053 2860 Anselmus,
1069 2796 1102 2848 et
1123 2785 1244 2848 meritis
1266 2795 1298 2848 et
1319 2785 1468 2867 precibus
1487 2785 1555 2848 suis

606 2894 743 2946 mentem
771 2906 872 2947 meam
902 2885 1019 2966 dirigat
1047 2887 1081 2949 in
1112 2887 1358 2970 occupationem
1387 2886 1497 2948 utilem
1520 2897 1553 2949 ct

604 2987 782 3064 honestam,
796 2999 829 3049 et
844 3008 916 3070 quae
932 2988 1049 3051 dirinae
1065 2990 1107 3051 sit
1120 2989 1241 3071 placita
1255 2987 1423 3073 majestati.
1454 2987 1554 3050 Audi·

604 3101 703 3150 torem
720 3108 848 3170 quoque
864 3101 895 3150 et
914 3090 1066 3152 lectorem
1083 3091 1236 3166 obsecr0;
1259 3103 1371 3174 etqua
1389 3091 1466 3153 licet
1480 3110 1555 3174 sup·

604 3187 779 3268 plicatione
795 3186 952 3263 obtestor3
975 3189 1057 3251 utin
1075 3189 1137 3252 boc
1154 3200 1228 3251 roto
1244 3210 1368 3252 mecum
1384 3202 1417 3252 et
1430 3207 1488 3270 pro
1503 3210 1555 3253 me

606 3288 779 3352 sollicitent
794 3304 938 3354 sanctum
955 3302 1077 3374 patrem
1092 3291 1290 3369 Anselmum,
1305 3291 1430 3353 etmihi
1446 3306 1478 3355 et
1494 3290 1556 3356 sibi

606 3389 729 3452 reniam
757 3390 928 3474 impetrent
951 3391 1139 3454 delictorum
1165 3393 1206 3454 ab
1236 3412 1287 3467 eo,
1310 3391 1365 3475 qui
1393 3393 1480 3456 solus
1507 3405 1557 3469 est

605 3491 794 3555 benedictus
809 3492 842 3554 in
858 3493 975 3557 sarcula
990 3495 1190 3558 saeculorum.
1233 3494 1346 3555 Amen.

647 3695 795 3778 Enplr'cil
816 3699 885 3761 Vita
899 3699 1017 3764 Sancti
1032 3699 1174 3762 anselmi
1191 3699 1443 3763 Cantauricnaia
1462 3700 1555 3763 eccle·

605 3799 665 3860 oioe
686 3799 927 3884 archiepiscopi,
941 3801 1116 3865 secundum
1138 3801 1301 3865 loannem
1326 3801 1554 3866 carnotenum

605 3904 799 3983 episcopum.
