<?xml version="1.0" encoding="UTF-8"?>
<!DOCTYPE html PUBLIC "-//W3C//DTD XHTML 1.0 Transitional//EN"
    "http://www.w3.org/TR/xhtml1/DTD/xhtml1-transitional.dtd">
<html xmlns="http://www.w3.org/1999/xhtml" xml:lang="en" lang="en">
 <head>
  <title>
</title>
<meta http-equiv="Content-Type" content="text/html;charset=utf-8" />
  <meta name='ocr-system' content='tesseract 3.04.00' />
  <meta name='ocr-capabilities' content='ocr_page ocr_carea ocr_par ocr_line ocrx_word'/>
</head>
<body>
  <div class='ocr_page' id='page_1' title='image "./joannissaresber10johngoog/joannissaresber10johngoog_0284.png"; bbox 0 0 4242 5767; ppageno 0'>
   <div class='ocr_carea' id='block_1_1' title="bbox 734 883 1424 942">
    <p class='ocr_par' dir='ltr' id='par_1_1' title="bbox 734 883 1424 942">
     <span class='ocr_line' id='line_1_1' title="bbox 734 883 1424 942; baseline -0.01 -1"><span class='ocrx_word' id='word_1_1' title='bbox 734 883 796 942; x_wconf 73' lang='lat'><strong>274</strong></span> <span class='ocrx_word' id='word_1_2' title='bbox 991 893 1129 938; x_wconf 70' lang='lat' dir='ltr'><strong>noturus</strong></span> <span class='ocrx_word' id='word_1_3' title='bbox 1145 890 1424 936; x_wconf 76' lang='lat' dir='ltr'><strong>susnsnrnrsnsrs</strong></span> 
     </span>
    </p>
   </div>
   <div class='ocr_carea' id='block_1_2' title="bbox 676 1042 1731 4539">
    <p class='ocr_par' dir='ltr' id='par_1_2' title="bbox 737 1042 1699 1631">
     <span class='ocr_line' id='line_1_2' title="bbox 824 1042 1515 1122; baseline -0.01 -12"><span class='ocrx_word' id='word_1_4' title='bbox 824 1046 876 1110; x_wconf 77' lang='lat' dir='ltr'><strong>Ad</strong></span> <span class='ocrx_word' id='word_1_5' title='bbox 892 1060 1004 1109; x_wconf 85' lang='lat' dir='ltr'><strong>terram</strong></span> <span class='ocrx_word' id='word_1_6' title='bbox 1020 1046 1139 1122; x_wconf 87' lang='lat' dir='ltr'><strong>vultus,</strong></span> <span class='ocrx_word' id='word_1_7' title='bbox 1152 1055 1228 1107; x_wconf 83' lang='lat' dir='ltr'><strong>neta</strong></span> <span class='ocrx_word' id='word_1_8' title='bbox 1242 1042 1350 1106; x_wconf 81' lang='lat' dir='ltr'><strong>videre</strong></span> <span class='ocrx_word' id='word_1_9' title='bbox 1366 1043 1482 1105; x_wconf 89' lang='lat' dir='ltr'><strong>Deum.</strong></span> <span class='ocrx_word' id='word_1_10' title='bbox 1510 1094 1515 1103; x_wconf 92' lang='lat'><em>.</em></span> 
     </span>
     <span class='ocr_line' id='line_1_3' title="bbox 737 1137 1699 1217; baseline -0.015 -2"><span class='ocrx_word' id='word_1_11' title='bbox 737 1148 802 1215; x_wconf 85' lang='lat' dir='ltr'><strong>Sed</strong></span> <span class='ocrx_word' id='word_1_12' title='bbox 818 1159 926 1211; x_wconf 87' lang='lat' dir='ltr'><strong>tamen</strong></span> <span class='ocrx_word' id='word_1_13' title='bbox 940 1145 1100 1209; x_wconf 90' lang='lat' dir='ltr'><strong>interdum</strong></span> <span class='ocrx_word' id='word_1_14' title='bbox 1116 1155 1239 1208; x_wconf 87' lang='lat' dir='ltr'><strong>terrena</strong></span> <span class='ocrx_word' id='word_1_15' title='bbox 1253 1142 1400 1207; x_wconf 80' lang='lat' dir='ltr'><strong>videntur</strong></span> <span class='ocrx_word' id='word_1_16' title='bbox 1414 1141 1455 1206; x_wconf 88' lang='lat' dir='ltr'><strong>ad</strong></span> <span class='ocrx_word' id='word_1_17' title='bbox 1471 1162 1576 1217; x_wconf 88' lang='lat' dir='ltr'><strong>usum,</strong></span> <span class='ocrx_word' id='word_1_18' title='bbox 1688 1137 1699 1163; x_wconf 61' lang='lat'><strong>³</strong></span> 
     </span>
     <span class='ocr_line' id='line_1_4' title="bbox 825 1244 1489 1331; baseline -0.011 -20"><span class='ocrx_word' id='word_1_19' title='bbox 825 1249 896 1311; x_wconf 82' lang='lat' dir='ltr'><strong>Nee</strong></span> <span class='ocrx_word' id='word_1_20' title='bbox 910 1257 1038 1331; x_wconf 86' lang='lat' dir='ltr'><strong>peccat,</strong></span> <span class='ocrx_word' id='word_1_21' title='bbox 1052 1246 1080 1307; x_wconf 89' lang='lat' dir='ltr'><strong>si</strong></span> <span class='ocrx_word' id='word_1_22' title='bbox 1097 1245 1139 1307; x_wconf 90' lang='lat' dir='ltr'><strong>sit</strong></span> <span class='ocrx_word' id='word_1_23' title='bbox 1154 1255 1236 1308; x_wconf 88' lang='lat' dir='ltr'><strong>tetra</strong></span> <span class='ocrx_word' id='word_1_24' title='bbox 1249 1244 1352 1308; x_wconf 90' lang='lat' dir='ltr'><strong>libido</strong></span> <span class='ocrx_word' id='word_1_25' title='bbox 1368 1245 1489 1326; x_wconf 85' lang='lat' dir='ltr'><strong>procul.</strong></span> 
     </span>
     <span class='ocr_line' id='line_1_5' title="bbox 738 1342 1595 1430; baseline -0.009 -19"><span class='ocrx_word' id='word_1_26' title='bbox 738 1347 897 1430; x_wconf 83' lang='lat' dir='ltr'><strong>Principis</strong></span> <span class='ocrx_word' id='word_1_27' title='bbox 912 1346 984 1408; x_wconf 84' lang='lat' dir='ltr'><strong>baee</strong></span> <span class='ocrx_word' id='word_1_28' title='bbox 999 1343 1096 1407; x_wconf 78' lang='lat' dir='ltr'>tradit</span> <span class='ocrx_word' id='word_1_29' title='bbox 1111 1344 1290 1425; x_wconf 89' lang='lat' dir='ltr'><strong>sapientum</strong></span> <span class='ocrx_word' id='word_1_30' title='bbox 1307 1342 1425 1425; x_wconf 82' lang='lat' dir='ltr'><strong>dogma</strong></span> <span class='ocrx_word' id='word_1_31' title='bbox 1439 1342 1595 1413; x_wconf 77' lang='lat' dir='ltr'><strong>Platonis,</strong></span> 
     </span>
     <span class='ocr_line' id='line_1_6' title="bbox 825 1444 1699 1530; baseline -0.006 -20"><span class='ocrx_word' id='word_1_32' title='bbox 825 1449 854 1510; x_wconf 82' lang='lat' dir='ltr'><strong>A</strong></span> <span class='ocrx_word' id='word_1_33' title='bbox 869 1469 934 1530; x_wconf 93' lang='lat' dir='ltr'><strong>quo</strong></span> <span class='ocrx_word' id='word_1_34' title='bbox 948 1445 1118 1530; x_wconf 75' lang='lat' dir='ltr'><strong>posteritas</strong></span> <span class='ocrx_word' id='word_1_35' title='bbox 1135 1444 1285 1526; x_wconf 80' lang='lat' dir='ltr'><strong>dogmata</strong></span> <span class='ocrx_word' id='word_1_36' title='bbox 1299 1465 1373 1508; x_wconf 81' lang='lat' dir='ltr'><strong>vera</strong></span> <span class='ocrx_word' id='word_1_37' title='bbox 1388 1446 1485 1528; x_wconf 83' lang='lat' dir='ltr'><strong>capit.</strong></span> <span class='ocrx_word' id='word_1_38' title='bbox 1613 1448 1699 1507; x_wconf 84' lang='grc'><strong>1090</strong></span> 
     </span>
     <span class='ocr_line' id='line_1_7' title="bbox 740 1545 1586 1631; baseline -0.007 -18"><span class='ocrx_word' id='word_1_39' title='bbox 740 1550 794 1614; x_wconf 84' lang='lat' dir='ltr'><strong>sic</strong></span> <span class='ocrx_word' id='word_1_40' title='bbox 810 1549 905 1631; x_wconf 82' lang='lat' dir='ltr'><strong>igitur</strong></span> <span class='ocrx_word' id='word_1_41' title='bbox 920 1547 1042 1624; x_wconf 88' lang='lat' dir='ltr'><strong>docuit,</strong></span> <span class='ocrx_word' id='word_1_42' title='bbox 1057 1545 1134 1630; x_wconf 90' lang='lat' dir='ltr'><strong>quid</strong></span> <span class='ocrx_word' id='word_1_43' title='bbox 1150 1545 1202 1609; x_wconf 91' lang='lat' dir='ltr'><strong>cui</strong></span> <span class='ocrx_word' id='word_1_44' title='bbox 1218 1547 1260 1609; x_wconf 87' lang='lat' dir='ltr'><strong>sit</strong></span> <span class='ocrx_word' id='word_1_45' title='bbox 1274 1545 1398 1623; x_wconf 82' lang='lat' dir='ltr'><strong>scibile,</strong></span> <span class='ocrx_word' id='word_1_46' title='bbox 1413 1546 1492 1630; x_wconf 91' lang='lat' dir='ltr'><strong>quid</strong></span> <span class='ocrx_word' id='word_1_47' title='bbox 1507 1568 1586 1623; x_wconf 93' lang='lat' dir='ltr'><strong>non,</strong></span> 
     </span>
    </p>

    <p class='ocr_par' dir='ltr' id='par_1_3' title="bbox 679 1646 1703 1930">
     <span class='ocr_line' id='line_1_8' title="bbox 679 1646 1609 1731; baseline -0.006 -17"><span class='ocrx_word' id='word_1_48' title='bbox 679 1653 681 1658; x_wconf 77' lang='grc'>’</span> <span class='ocrx_word' id='word_1_49' title='bbox 831 1652 878 1714; x_wconf 90' lang='lat' dir='ltr'><strong>Ut</strong></span> <span class='ocrx_word' id='word_1_50' title='bbox 891 1658 1024 1712; x_wconf 86' lang='lat' dir='ltr'><strong>teneant</strong></span> <span class='ocrx_word' id='word_1_51' title='bbox 1036 1648 1200 1731; x_wconf 89' lang='lat' dir='ltr'><strong>proprium</strong></span> <span class='ocrx_word' id='word_1_52' title='bbox 1216 1657 1333 1710; x_wconf 89' lang='lat' dir='ltr'><strong>cuncta</strong></span> <span class='ocrx_word' id='word_1_53' title='bbox 1347 1661 1454 1711; x_wconf 83' lang='lat' dir='ltr'><strong>ereata</strong></span> <span class='ocrx_word' id='word_1_54' title='bbox 1468 1646 1609 1710; x_wconf 91' lang='lat' dir='ltr'><strong>modum.</strong></span> 
     </span>
     <span class='ocr_line' id='line_1_9' title="bbox 745 1749 1703 1826; baseline -0.01 -9"><span class='ocrx_word' id='word_1_55' title='bbox 745 1752 838 1820; x_wconf 73' lang='lat' dir='ltr'><strong>Quod</strong></span> <span class='ocrx_word' id='word_1_56' title='bbox 859 1752 949 1813; x_wconf 84' lang='lat' dir='ltr'><strong>Deus</strong></span> <span class='ocrx_word' id='word_1_57' title='bbox 971 1750 1057 1812; x_wconf 81' lang='lat' dir='ltr'><strong>solus</strong></span> <span class='ocrx_word' id='word_1_58' title='bbox 1081 1750 1192 1811; x_wconf 81' lang='lat' dir='ltr'><strong>omnin</strong></span> <span class='ocrx_word' id='word_1_59' title='bbox 1218 1751 1318 1826; x_wconf 82' lang='lat' dir='ltr'><strong>uenit,</strong></span> <span class='ocrx_word' id='word_1_60' title='bbox 1340 1756 1373 1810; x_wconf 82' lang='lat' dir='ltr'><strong>et</strong></span> <span class='ocrx_word' id='word_1_61' title='bbox 1398 1750 1501 1810; x_wconf 74' lang='lat' dir='ltr'><strong>omnis</strong></span> <span class='ocrx_word' id='word_1_62' title='bbox 1524 1749 1703 1811; x_wconf 78' lang='lat' dir='ltr'><strong>rationalis</strong></span> 
     </span>
     <span class='ocr_line' id='line_1_10' title="bbox 849 1849 1598 1930; baseline -0.004 -16"><span class='ocrx_word' id='word_1_63' title='bbox 849 1859 1002 1914; x_wconf 80' lang='lat' dir='ltr'><strong>creatura</strong></span> <span class='ocrx_word' id='word_1_64' title='bbox 1016 1851 1190 1912; x_wconf 79' lang='lat' dir='ltr'><strong>scientiam</strong></span> <span class='ocrx_word' id='word_1_65' title='bbox 1204 1852 1328 1930; x_wconf 80' lang='lat' dir='ltr'><strong>occipit</strong></span> <span class='ocrx_word' id='word_1_66' title='bbox 1342 1849 1387 1912; x_wconf 79' lang='lat' dir='ltr'><strong>ad</strong></span> <span class='ocrx_word' id='word_1_67' title='bbox 1401 1870 1598 1912; x_wconf 79' lang='lat' dir='ltr'><strong>mensuram.</strong></span> 
     </span>
    </p>

    <p class='ocr_par' dir='ltr' id='par_1_4' title="bbox 676 1950 1731 4539">
     <span class='ocr_line' id='line_1_11' title="bbox 745 1950 1465 2035; baseline -0.006 -17"><span class='ocrx_word' id='word_1_68' title='bbox 745 1956 812 2018; x_wconf 86' lang='lat' dir='ltr'><strong>Res</strong></span> <span class='ocrx_word' id='word_1_69' title='bbox 825 1964 862 2016; x_wconf 91' lang='lat' dir='ltr'><strong>ut</strong></span> <span class='ocrx_word' id='word_1_70' title='bbox 876 1962 961 2026; x_wconf 89' lang='lat' dir='ltr'><strong>sunt,</strong></span> <span class='ocrx_word' id='word_1_71' title='bbox 975 1953 1071 2031; x_wconf 91' lang='lat' dir='ltr'><strong>plene</strong></span> <span class='ocrx_word' id='word_1_72' title='bbox 1085 1952 1174 2014; x_wconf 88' lang='lat' dir='ltr'><strong>novit</strong></span> <span class='ocrx_word' id='word_1_73' title='bbox 1189 1950 1297 2015; x_wconf 81' lang='lat' dir='ltr'><strong>(lirina</strong></span> <span class='ocrx_word' id='word_1_74' title='bbox 1311 1958 1465 2035; x_wconf 84' lang='lat' dir='ltr'><strong>potestas,</strong></span> 
     </span>
     <span class='ocr_line' id='line_1_12' title="bbox 831 2052 1494 2135; baseline -0.008 -19"><span class='ocrx_word' id='word_1_75' title='bbox 831 2054 975 2134; x_wconf 81' lang='lat' dir='ltr'><strong>Angelus</strong></span> <span class='ocrx_word' id='word_1_76' title='bbox 990 2052 1143 2115; x_wconf 82' lang='lat' dir='ltr'><strong>assistens</strong></span> <span class='ocrx_word' id='word_1_77' title='bbox 1158 2053 1295 2135; x_wconf 88' lang='lat' dir='ltr'><strong>plurima</strong></span> <span class='ocrx_word' id='word_1_78' title='bbox 1309 2073 1384 2116; x_wconf 81' lang='lat' dir='ltr'><strong>vera</strong></span> <span class='ocrx_word' id='word_1_79' title='bbox 1396 2052 1494 2116; x_wconf 82' lang='lat' dir='ltr'><strong>ridet.</strong></span> 
     </span>
     <span class='ocr_line' id='line_1_13' title="bbox 744 2151 1703 2238; baseline -0.006 -20"><span class='ocrx_word' id='word_1_80' title='bbox 744 2154 883 2238; x_wconf 84' lang='lat' dir='ltr'><strong>Spiritus</strong></span> <span class='ocrx_word' id='word_1_81' title='bbox 897 2151 1080 2215; x_wconf 88' lang='lat' dir='ltr'><strong>immundus</strong></span> <span class='ocrx_word' id='word_1_82' title='bbox 1094 2163 1208 2216; x_wconf 86' lang='lat' dir='ltr'><strong>natura</strong></span> <span class='ocrx_word' id='word_1_83' title='bbox 1221 2154 1322 2237; x_wconf 88' lang='lat' dir='ltr'><strong>pollet</strong></span> <span class='ocrx_word' id='word_1_84' title='bbox 1336 2165 1368 2215; x_wconf 90' lang='lat' dir='ltr'><strong>et</strong></span> <span class='ocrx_word' id='word_1_85' title='bbox 1382 2174 1454 2229; x_wconf 91' lang='lat' dir='ltr'><strong>usu,</strong></span> <span class='ocrx_word' id='word_1_86' title='bbox 1617 2156 1703 2214; x_wconf 77' lang='lat' dir='ltr'><strong>luae</strong></span> 
     </span>
     <span class='ocr_line' id='line_1_14' title="bbox 830 2252 1503 2336; baseline 0 -21"><span class='ocrx_word' id='word_1_87' title='bbox 830 2254 955 2315; x_wconf 85' lang='lat' dir='ltr'><strong>Doctus</strong></span> <span class='ocrx_word' id='word_1_88' title='bbox 970 2262 1003 2315; x_wconf 91' lang='lat' dir='ltr'><strong>et</strong></span> <span class='ocrx_word' id='word_1_89' title='bbox 1017 2273 1038 2315; x_wconf 85' lang='lat' dir='ltr'><strong>a</strong></span> <span class='ocrx_word' id='word_1_90' title='bbox 1052 2255 1172 2316; x_wconf 85' lang='lat' dir='ltr'><strong>sanctis</strong></span> <span class='ocrx_word' id='word_1_91' title='bbox 1186 2255 1279 2336; x_wconf 91' lang='lat' dir='ltr'><strong>plura</strong></span> <span class='ocrx_word' id='word_1_92' title='bbox 1293 2252 1400 2316; x_wconf 86' lang='lat' dir='ltr'><strong>videre</strong></span> <span class='ocrx_word' id='word_1_93' title='bbox 1415 2255 1503 2315; x_wconf 85' lang='lat' dir='ltr'><strong>solet</strong></span> 
     </span>
     <span class='ocr_line' id='line_1_15' title="bbox 746 2351 1426 2434; baseline -0.003 -17"><span class='ocrx_word' id='word_1_94' title='bbox 746 2353 880 2418; x_wconf 86' lang='lat' dir='ltr'><strong>Fallitur</strong></span> <span class='ocrx_word' id='word_1_95' title='bbox 894 2353 927 2413; x_wconf 91' lang='lat' dir='ltr'><strong>in</strong></span> <span class='ocrx_word' id='word_1_96' title='bbox 942 2352 1051 2414; x_wconf 90' lang='lat' dir='ltr'><strong>multis</strong></span> <span class='ocrx_word' id='word_1_97' title='bbox 1066 2353 1208 2434; x_wconf 85' lang='lat' dir='ltr'><strong>privatus</strong></span> <span class='ocrx_word' id='word_1_98' title='bbox 1222 2351 1352 2415; x_wconf 88' lang='lat' dir='ltr'><strong>luminis</strong></span> <span class='ocrx_word' id='word_1_99' title='bbox 1366 2373 1426 2415; x_wconf 87' lang='lat' dir='ltr'><strong>nsu</strong></span> 
     </span>
     <span class='ocr_line' id='line_1_16' title="bbox 831 2453 1483 2534; baseline -0.002 -20"><span class='ocrx_word' id='word_1_100' title='bbox 831 2453 876 2515; x_wconf 89' lang='lat' dir='ltr'><strong>Et</strong></span> <span class='ocrx_word' id='word_1_101' title='bbox 891 2460 982 2534; x_wconf 85' lang='lat' dir='ltr'><strong>pater</strong></span> <span class='ocrx_word' id='word_1_102' title='bbox 996 2454 1111 2514; x_wconf 88' lang='lat' dir='ltr'><strong>erroris</strong></span> <span class='ocrx_word' id='word_1_103' title='bbox 1125 2453 1233 2515; x_wconf 84' lang='lat' dir='ltr'><strong>fallere</strong></span> <span class='ocrx_word' id='word_1_104' title='bbox 1249 2472 1375 2534; x_wconf 89' lang='lat' dir='ltr'><strong>semper</strong></span> <span class='ocrx_word' id='word_1_105' title='bbox 1387 2462 1483 2515; x_wconf 87' lang='lat' dir='ltr'><strong>amat.</strong></span> 
     </span>
     <span class='ocr_line' id='line_1_17' title="bbox 748 2552 1481 2636; baseline -0.003 -19"><span class='ocrx_word' id='word_1_106' title='bbox 748 2555 890 2636; x_wconf 87' lang='lat' dir='ltr'><strong>Corpora</strong></span> <span class='ocrx_word' id='word_1_107' title='bbox 905 2552 1050 2616; x_wconf 87' lang='lat' dir='ltr'><strong>detrusas</strong></span> <span class='ocrx_word' id='word_1_108' title='bbox 1066 2553 1189 2618; x_wconf 87' lang='lat' dir='ltr'><strong>animas</strong></span> <span class='ocrx_word' id='word_1_109' title='bbox 1203 2554 1237 2616; x_wconf 91' lang='lat' dir='ltr'><strong>in</strong></span> <span class='ocrx_word' id='word_1_110' title='bbox 1253 2574 1379 2618; x_wconf 84' lang='lat' dir='ltr'><strong>carcere</strong></span> <span class='ocrx_word' id='word_1_111' title='bbox 1394 2572 1481 2616; x_wconf 73' lang='lat' dir='ltr'><strong>cauo</strong></span> 
     </span>
     <span class='ocr_line' id='line_1_18' title="bbox 834 2655 1705 2737; baseline -0.003 -20"><span class='ocrx_word' id='word_1_112' title='bbox 834 2655 1003 2737; x_wconf 90' lang='lat' dir='ltr'><strong>Culpaqne</strong></span> <span class='ocrx_word' id='word_1_113' title='bbox 1016 2655 1145 2717; x_wconf 87' lang='lat' dir='ltr'><strong>sublato</strong></span> <span class='ocrx_word' id='word_1_114' title='bbox 1162 2655 1284 2718; x_wconf 91' lang='lat' dir='ltr'><strong>lumine</strong></span> <span class='ocrx_word' id='word_1_115' title='bbox 1299 2655 1381 2717; x_wconf 87' lang='lat' dir='ltr'><strong>scire</strong></span> <span class='ocrx_word' id='word_1_116' title='bbox 1396 2664 1513 2717; x_wconf 83' lang='lat' dir='ltr'><strong>vetant.</strong></span> <span class='ocrx_word' id='word_1_117' title='bbox 1620 2658 1705 2715; x_wconf 84' lang='lat'>1100</span> 
     </span>
     <span class='ocr_line' id='line_1_19' title="bbox 749 2752 1576 2836; baseline 0 -19"><span class='ocrx_word' id='word_1_118' title='bbox 749 2753 866 2835; x_wconf 85' lang='lat' dir='ltr'><strong>Culpa,</strong></span> <span class='ocrx_word' id='word_1_119' title='bbox 882 2774 956 2816; x_wconf 87' lang='lat' dir='ltr'><strong>caro</strong></span> <span class='ocrx_word' id='word_1_120' title='bbox 972 2755 1120 2815; x_wconf 82' lang='lat' dir='ltr'><strong>tenebras</strong></span> <span class='ocrx_word' id='word_1_121' title='bbox 1133 2752 1302 2830; x_wconf 87' lang='lat' dir='ltr'><strong>inducunt,</strong></span> <span class='ocrx_word' id='word_1_122' title='bbox 1316 2753 1438 2817; x_wconf 88' lang='lat' dir='ltr'><strong>lumina</strong></span> <span class='ocrx_word' id='word_1_123' title='bbox 1451 2755 1576 2836; x_wconf 89' lang='lat' dir='ltr'><strong>pellunt</strong></span> 
     </span>
     <span class='ocr_line' id='line_1_20' title="bbox 836 2852 1559 2918; baseline -0.001 -1"><span class='ocrx_word' id='word_1_124' title='bbox 836 2855 907 2917; x_wconf 89' lang='lat' dir='ltr'><strong>Nec</strong></span> <span class='ocrx_word' id='word_1_125' title='bbox 923 2854 1056 2916; x_wconf 87' lang='lat' dir='ltr'><strong>miseras</strong></span> <span class='ocrx_word' id='word_1_126' title='bbox 1071 2852 1194 2915; x_wconf 89' lang='lat' dir='ltr'><strong>animas</strong></span> <span class='ocrx_word' id='word_1_127' title='bbox 1208 2872 1336 2915; x_wconf 88' lang='lat' dir='ltr'><strong>eernere</strong></span> <span class='ocrx_word' id='word_1_128' title='bbox 1353 2875 1426 2917; x_wconf 87' lang='lat' dir='ltr'><strong>vera</strong></span> <span class='ocrx_word' id='word_1_129' title='bbox 1441 2855 1559 2918; x_wconf 88' lang='lat' dir='ltr'><strong>sinunt.</strong></span> 
     </span>
     <span class='ocr_line' id='line_1_21' title="bbox 853 2953 1595 3029; baseline 0 -11"><span class='ocrx_word' id='word_1_130' title='bbox 853 2953 948 3019; x_wconf 84' lang='lat' dir='ltr'><strong>Quod</strong></span> <span class='ocrx_word' id='word_1_131' title='bbox 960 2954 1081 3012; x_wconf 79' lang='lat' dir='ltr'><strong>veritas</strong></span> <span class='ocrx_word' id='word_1_132' title='bbox 1096 2953 1157 3012; x_wconf 76' lang='lat' dir='ltr'><strong>lun</strong></span> <span class='ocrx_word' id='word_1_133' title='bbox 1170 2959 1217 3012; x_wconf 83' lang='lat' dir='ltr'><strong>eat</strong></span> <span class='ocrx_word' id='word_1_134' title='bbox 1231 2954 1363 3029; x_wconf 79' lang='lat' dir='ltr'><strong>enimn,</strong></span> <span class='ocrx_word' id='word_1_135' title='bbox 1376 2956 1463 3016; x_wconf 83' lang='lat' dir='ltr'><strong>ratio</strong></span> <span class='ocrx_word' id='word_1_136' title='bbox 1478 2958 1595 3018; x_wconf 74' lang='lat' dir='ltr'><strong>oculus.</strong></span> 
     </span>
     <span class='ocr_line' id='line_1_22' title="bbox 749 3050 1438 3131; baseline -0.001 -16"><span class='ocrx_word' id='word_1_137' title='bbox 749 3053 823 3115; x_wconf 85' lang='lat' dir='ltr'><strong>Lnx</strong></span> <span class='ocrx_word' id='word_1_138' title='bbox 839 3053 950 3115; x_wconf 88' lang='lat' dir='ltr'><strong>oculos</strong></span> <span class='ocrx_word' id='word_1_139' title='bbox 965 3050 1079 3131; x_wconf 84' lang='lat' dir='ltr'><strong>pascit,</strong></span> <span class='ocrx_word' id='word_1_140' title='bbox 1095 3050 1250 3114; x_wconf 86' lang='lat' dir='ltr'><strong>rationem</strong></span> <span class='ocrx_word' id='word_1_141' title='bbox 1265 3050 1346 3115; x_wconf 87' lang='lat' dir='ltr'><strong>visio</strong></span> <span class='ocrx_word' id='word_1_142' title='bbox 1362 3053 1438 3131; x_wconf 86' lang='lat' dir='ltr'><strong>veri,</strong></span> 
     </span>
     <span class='ocr_line' id='line_1_23' title="bbox 837 3150 1635 3238; baseline 0.006 -24"><span class='ocrx_word' id='word_1_143' title='bbox 837 3153 886 3215; x_wconf 89' lang='lat' dir='ltr'><strong>Hi</strong></span> <span class='ocrx_word' id='word_1_144' title='bbox 900 3150 1027 3232; x_wconf 82' lang='lat' dir='ltr'><strong>lugiunt</strong></span> <span class='ocrx_word' id='word_1_145' title='bbox 1041 3153 1200 3230; x_wconf 83' lang='lat' dir='ltr'><strong>tenebras,</strong></span> <span class='ocrx_word' id='word_1_146' title='bbox 1214 3152 1285 3216; x_wconf 80' lang='lat' dir='ltr'><strong>hoeo</strong></span> <span class='ocrx_word' id='word_1_147' title='bbox 1300 3175 1429 3238; x_wconf 87' lang='lat' dir='ltr'><strong>quoque</strong></span> <span class='ocrx_word' id='word_1_148' title='bbox 1443 3156 1522 3220; x_wconf 86' lang='lat' dir='ltr'><strong>falsa</strong></span> <span class='ocrx_word' id='word_1_149' title='bbox 1537 3171 1635 3219; x_wconf 83' lang='lat' dir='ltr'><strong>cavet.</strong></span> 
     </span>
     <span class='ocr_line' id='line_1_24' title="bbox 750 3254 1708 3338; baseline 0.003 -20"><span class='ocrx_word' id='word_1_150' title='bbox 750 3257 811 3318; x_wconf 86' lang='lat' dir='ltr'><strong>Est</strong></span> <span class='ocrx_word' id='word_1_151' title='bbox 826 3255 939 3318; x_wconf 84' lang='lat' dir='ltr'><strong>oculus</strong></span> <span class='ocrx_word' id='word_1_152' title='bbox 953 3254 1053 3317; x_wconf 86' lang='lat' dir='ltr'><strong>menti</strong></span> <span class='ocrx_word' id='word_1_153' title='bbox 1069 3255 1160 3332; x_wconf 86' lang='lat' dir='ltr'><strong>ratio,</strong></span> <span class='ocrx_word' id='word_1_154' title='bbox 1174 3276 1233 3338; x_wconf 92' lang='lat' dir='ltr'><strong>pro</strong></span> <span class='ocrx_word' id='word_1_155' title='bbox 1247 3256 1368 3320; x_wconf 87' lang='lat' dir='ltr'><strong>lumine</strong></span> <span class='ocrx_word' id='word_1_156' title='bbox 1383 3278 1501 3336; x_wconf 83' lang='lat' dir='ltr'><strong>verum,</strong></span> <span class='ocrx_word' id='word_1_157' title='bbox 1623 3262 1708 3322; x_wconf 76' lang='lat' dir='ltr'><strong>llus</strong></span> 
     </span>
     <span class='ocr_line' id='line_1_25' title="bbox 839 3355 1483 3421; baseline 0 -1"><span class='ocrx_word' id='word_1_158' title='bbox 839 3357 942 3420; x_wconf 91' lang='lat' dir='ltr'><strong>Usum</strong></span> <span class='ocrx_word' id='word_1_159' title='bbox 958 3355 1111 3419; x_wconf 84' lang='lat' dir='ltr'><strong>cernendi</strong></span> <span class='ocrx_word' id='word_1_160' title='bbox 1125 3356 1248 3420; x_wconf 88' lang='lat' dir='ltr'><strong>lumina</strong></span> <span class='ocrx_word' id='word_1_161' title='bbox 1262 3357 1343 3421; x_wconf 86' lang='lat' dir='ltr'><strong>seire</strong></span> <span class='ocrx_word' id='word_1_162' title='bbox 1358 3369 1483 3421; x_wconf 83' lang='lat' dir='ltr'><strong>vocant</strong></span> 
     </span>
     <span class='ocr_line' id='line_1_26' title="bbox 752 3455 1464 3540; baseline 0.001 -20"><span class='ocrx_word' id='word_1_163' title='bbox 752 3458 902 3540; x_wconf 79' lang='lat' dir='ltr'><strong>Ingenio,</strong></span> <span class='ocrx_word' id='word_1_164' title='bbox 916 3455 1029 3520; x_wconf 84' lang='lat' dir='ltr'><strong>studiis</strong></span> <span class='ocrx_word' id='word_1_165' title='bbox 1044 3477 1154 3520; x_wconf 87' lang='lat' dir='ltr'><strong>verum</strong></span> <span class='ocrx_word' id='word_1_166' title='bbox 1169 3468 1328 3540; x_wconf 75' lang='lat' dir='ltr'><strong>queratur</strong></span> <span class='ocrx_word' id='word_1_167' title='bbox 1341 3469 1374 3521; x_wconf 84' lang='lat' dir='ltr'><strong>et</strong></span> <span class='ocrx_word' id='word_1_168' title='bbox 1388 3471 1464 3537; x_wconf 88' lang='lat' dir='ltr'><strong>arte,</strong></span> 
     </span>
     <span class='ocr_line' id='line_1_27' title="bbox 839 3558 1509 3640; baseline 0.001 -19"><span class='ocrx_word' id='word_1_169' title='bbox 839 3560 957 3621; x_wconf 75' lang='lat' dir='ltr'><strong>Praeter</strong></span> <span class='ocrx_word' id='word_1_170' title='bbox 971 3558 1098 3640; x_wconf 88' lang='lat' dir='ltr'><strong>opinari</strong></span> <span class='ocrx_word' id='word_1_171' title='bbox 1112 3578 1177 3620; x_wconf 92' lang='lat' dir='ltr'><strong>non</strong></span> <span class='ocrx_word' id='word_1_172' title='bbox 1192 3558 1291 3621; x_wconf 89' lang='lat' dir='ltr'><strong>babet</strong></span> <span class='ocrx_word' id='word_1_173' title='bbox 1305 3559 1388 3621; x_wconf 87' lang='lat' dir='ltr'><strong>ullus</strong></span> <span class='ocrx_word' id='word_1_174' title='bbox 1403 3559 1509 3622; x_wconf 91' lang='lat' dir='ltr'><strong>homo.</strong></span> 
     </span>
     <span class='ocr_line' id='line_1_28' title="bbox 676 3657 1558 3746; baseline -0.002 -21"><span class='ocrx_word' id='word_1_175' title='bbox 676 3743 678 3746; x_wconf 9' lang='grc' dir='ltr'><em>Α</em></span> <span class='ocrx_word' id='word_1_176' title='bbox 800 3659 895 3725; x_wconf 80' lang='lat' dir='ltr'><strong>Quod</strong></span> <span class='ocrx_word' id='word_1_177' title='bbox 907 3660 942 3719; x_wconf 83' lang='lat' dir='ltr'><strong>in</strong></span> <span class='ocrx_word' id='word_1_178' title='bbox 955 3657 1110 3739; x_wconf 80' lang='lat' dir='ltr'><strong>pluribus</strong></span> <span class='ocrx_word' id='word_1_179' title='bbox 1122 3660 1218 3721; x_wconf 76' lang='lat' dir='ltr'><strong>utilia</strong></span> <span class='ocrx_word' id='word_1_180' title='bbox 1232 3659 1382 3721; x_wconf 79' lang='lat' dir='ltr'><strong>doctrina</strong></span> <span class='ocrx_word' id='word_1_181' title='bbox 1399 3661 1558 3723; x_wconf 77' lang='lat' dir='ltr'><strong>Platonis.</strong></span> 
     </span>
     <span class='ocr_line' id='line_1_29' title="bbox 676 3759 1564 3838; baseline -0.001 -13"><span class='ocrx_word' id='word_1_182' title='bbox 676 3822 678 3825; x_wconf 79' lang='grc'>,</span> <span class='ocrx_word' id='word_1_183' title='bbox 753 3761 829 3821; x_wconf 91' lang='lat' dir='ltr'><strong>Non</strong></span> <span class='ocrx_word' id='word_1_184' title='bbox 844 3765 941 3819; x_wconf 86' lang='lat' dir='ltr'><strong>nocet</strong></span> <span class='ocrx_word' id='word_1_185' title='bbox 955 3769 1110 3820; x_wconf 84' lang='lat' dir='ltr'><strong>errantem</strong></span> <span class='ocrx_word' id='word_1_186' title='bbox 1128 3760 1230 3822; x_wconf 87' lang='lat' dir='ltr'><strong>cautis</strong></span> <span class='ocrx_word' id='word_1_187' title='bbox 1245 3759 1372 3822; x_wconf 87' lang='lat' dir='ltr'><strong>audisse</strong></span> <span class='ocrx_word' id='word_1_188' title='bbox 1387 3759 1564 3838; x_wconf 84' lang='lat' dir='ltr'><strong>Platonem,</strong></span> 
     </span>
     <span class='ocr_line' id='line_1_30' title="bbox 840 3857 1712 3942; baseline 0.011 -25"><span class='ocrx_word' id='word_1_189' title='bbox 840 3857 905 3929; x_wconf 90' lang='lat' dir='ltr'><strong>Qui</strong></span> <span class='ocrx_word' id='word_1_190' title='bbox 921 3858 1003 3919; x_wconf 86' lang='lat' dir='ltr'><strong>male</strong></span> <span class='ocrx_word' id='word_1_191' title='bbox 1017 3878 1123 3937; x_wconf 88' lang='lat' dir='ltr'><strong>pauca</strong></span> <span class='ocrx_word' id='word_1_192' title='bbox 1137 3859 1233 3920; x_wconf 89' lang='lat' dir='ltr'><strong>docet</strong></span> <span class='ocrx_word' id='word_1_193' title='bbox 1247 3871 1280 3921; x_wconf 87' lang='lat' dir='ltr'><strong>et</strong></span> <span class='ocrx_word' id='word_1_194' title='bbox 1293 3861 1380 3923; x_wconf 87' lang='lat' dir='ltr'><strong>bona</strong></span> <span class='ocrx_word' id='word_1_195' title='bbox 1394 3861 1485 3942; x_wconf 83' lang='lat' dir='ltr'><strong>plura</strong></span> <span class='ocrx_word' id='word_1_196' title='bbox 1500 3864 1600 3924; x_wconf 87' lang='lat' dir='ltr'><strong>melis.</strong></span> <span class='ocrx_word' id='word_1_197' title='bbox 1627 3868 1712 3928; x_wconf 89' lang='grc'><strong>1110</strong></span> 
     </span>
     <span class='ocr_line' id='line_1_31' title="bbox 682 3957 1585 4040; baseline -0.001 -18"><span class='ocrx_word' id='word_1_198' title='bbox 682 3966 684 3979; x_wconf 88' lang='grc'><strong>“</strong></span> <span class='ocrx_word' id='word_1_199' title='bbox 757 3961 865 4024; x_wconf 82' lang='lat' dir='ltr'><strong>Docta</strong></span> <span class='ocrx_word' id='word_1_200' title='bbox 879 3976 992 4018; x_wconf 88' lang='lat' dir='ltr'><strong>manus</strong></span> <span class='ocrx_word' id='word_1_201' title='bbox 1007 3968 1099 4018; x_wconf 82' lang='lat' dir='ltr'><strong>cavet</strong></span> <span class='ocrx_word' id='word_1_202' title='bbox 1114 3957 1233 4019; x_wconf 82' lang='lat' dir='ltr'><strong>urticas</strong></span> <span class='ocrx_word' id='word_1_203' title='bbox 1248 3958 1427 4040; x_wconf 88' lang='lat' dir='ltr'><strong>herbasque</strong></span> <span class='ocrx_word' id='word_1_204' title='bbox 1442 3961 1585 4022; x_wconf 90' lang='lat' dir='ltr'><strong>salubres</strong></span> 
     </span>
     <span class='ocr_line' id='line_1_32' title="bbox 841 4057 1561 4139; baseline -0.006 -16"><span class='ocrx_word' id='word_1_205' title='bbox 841 4057 943 4123; x_wconf 87' lang='lat' dir='ltr'><strong>Tollit</strong></span> <span class='ocrx_word' id='word_1_206' title='bbox 957 4068 989 4119; x_wconf 86' lang='lat' dir='ltr'><strong>et</strong></span> <span class='ocrx_word' id='word_1_207' title='bbox 1004 4078 1023 4119; x_wconf 92' lang='lat' dir='ltr'><strong>a</strong></span> <span class='ocrx_word' id='word_1_208' title='bbox 1038 4057 1140 4139; x_wconf 90' lang='lat' dir='ltr'><strong>spinis</strong></span> <span class='ocrx_word' id='word_1_209' title='bbox 1154 4057 1340 4122; x_wconf 86' lang='lat' dir='ltr'><strong>intemerata</strong></span> <span class='ocrx_word' id='word_1_210' title='bbox 1355 4079 1451 4133; x_wconf 84' lang='lat' dir='ltr'><strong>rosas.</strong></span> <span class='ocrx_word' id='word_1_211' title='bbox 1553 4116 1561 4129; x_wconf 79' lang='grc'>,</span> 
     </span>
     <span class='ocr_line' id='line_1_33' title="bbox 756 4155 1438 4240; baseline -0.01 -14"><span class='ocrx_word' id='word_1_212' title='bbox 756 4163 891 4226; x_wconf 88' lang='lat' dir='ltr'><strong>Errores</strong></span> <span class='ocrx_word' id='word_1_213' title='bbox 907 4157 988 4221; x_wconf 84' lang='lat' dir='ltr'><strong>vitat</strong></span> <span class='ocrx_word' id='word_1_214' title='bbox 1001 4157 1093 4232; x_wconf 90' lang='lat' dir='ltr'><strong>ratio,</strong></span> <span class='ocrx_word' id='word_1_215' title='bbox 1108 4177 1286 4240; x_wconf 87' lang='lat' dir='ltr'><strong>sensusque</strong></span> <span class='ocrx_word' id='word_1_216' title='bbox 1301 4155 1438 4240; x_wconf 83' lang='lat' dir='ltr'><strong>pudicos</strong></span> 
     </span>
     <span class='ocr_line' id='line_1_34' title="bbox 845 4258 1529 4343; baseline -0.001 -19"><span class='ocrx_word' id='word_1_217' title='bbox 845 4261 967 4324; x_wconf 73' lang='lat' dir='ltr'><strong>Caunis</strong></span> <span class='ocrx_word' id='word_1_218' title='bbox 982 4260 1023 4322; x_wconf 87' lang='lat' dir='ltr'><strong>ab</strong></span> <span class='ocrx_word' id='word_1_219' title='bbox 1039 4259 1163 4322; x_wconf 89' lang='lat' dir='ltr'><strong>insanis</strong></span> <span class='ocrx_word' id='word_1_220' title='bbox 1178 4259 1298 4342; x_wconf 87' lang='lat' dir='ltr'><strong>absque</strong></span> <span class='ocrx_word' id='word_1_221' title='bbox 1314 4258 1417 4322; x_wconf 83' lang='lat' dir='ltr'><strong>lurore</strong></span> <span class='ocrx_word' id='word_1_222' title='bbox 1432 4262 1529 4343; x_wconf 88' lang='lat' dir='ltr'><strong>capit.</strong></span> 
     </span>
     <span class='ocr_line' id='line_1_35' title="bbox 758 4358 1731 4442; baseline 0.002 -17"><span class='ocrx_word' id='word_1_223' title='bbox 758 4362 882 4425; x_wconf 88' lang='lat' dir='ltr'><strong>Fortius</strong></span> <span class='ocrx_word' id='word_1_224' title='bbox 898 4359 996 4422; x_wconf 85' lang='lat' dir='ltr'><strong>evitat</strong></span> <span class='ocrx_word' id='word_1_225' title='bbox 1009 4358 1118 4423; x_wconf 86' lang='lat' dir='ltr'><strong>audita</strong></span> <span class='ocrx_word' id='word_1_226' title='bbox 1133 4359 1275 4442; x_wconf 83' lang='lat' dir='ltr'><strong>pericula</strong></span> <span class='ocrx_word' id='word_1_227' title='bbox 1289 4358 1442 4442; x_wconf 88' lang='lat' dir='ltr'><strong>prudens,</strong></span> <span class='ocrx_word' id='word_1_228' title='bbox 1627 4370 1710 4429; x_wconf 79' lang='lat'><strong>1115</strong></span> <span class='ocrx_word' id='word_1_229' title='bbox 1728 4421 1731 4427; x_wconf 90' lang='lat'>.</span> 
     </span>
     <span class='ocr_line' id='line_1_36' title="bbox 845 4459 1531 4539; baseline 0.006 -21"><span class='ocrx_word' id='word_1_230' title='bbox 845 4459 928 4519; x_wconf 88' lang='lat' dir='ltr'><strong>Nem</strong></span> <span class='ocrx_word' id='word_1_231' title='bbox 944 4459 1073 4539; x_wconf 82' lang='lat' dir='ltr'><strong>provisa</strong></span> <span class='ocrx_word' id='word_1_232' title='bbox 1087 4459 1193 4521; x_wconf 90' lang='lat' dir='ltr'><strong>minus</strong></span> <span class='ocrx_word' id='word_1_233' title='bbox 1208 4460 1272 4521; x_wconf 88' lang='lat' dir='ltr'><strong>tela</strong></span> <span class='ocrx_word' id='word_1_234' title='bbox 1287 4480 1402 4523; x_wconf 87' lang='lat' dir='ltr'><strong>nocere</strong></span> <span class='ocrx_word' id='word_1_235' title='bbox 1418 4463 1531 4524; x_wconf 88' lang='lat' dir='ltr'><strong>solent.</strong></span> 
     </span>
    </p>
   </div>
   <div class='ocr_carea' id='block_1_3' title="bbox 0 0 2157 5767">
    <p class='ocr_par' dir='ltr' id='par_1_5' title="bbox 0 0 2157 5767">
     <span class='ocr_line' id='line_1_37' title="bbox 0 0 2157 5767; baseline 0 0"><span class='ocrx_word' id='word_1_236' title='bbox 0 0 2157 5767; x_wconf 95' lang='lat' dir='ltr'><strong> </strong></span> 
     </span>
    </p>
   </div>
  </div>
 </body>
</html>
