4242 5767
302 495 351 629 lt
395 498 846 777 thvl‘dlfflm»
921 602 927 609 -
985 491 1082 627 all-t
1114 503 1225 625 sele.
1261 507 1449 634 diona
1482 505 1666 664 passm
1711 563 1727 573 ·

561 903 604 963 rt
826 917 963 963 ιοιιιιιιι
978 915 1257 962 saansaamansrs
1395 901 1478 975 [ιιιι.
1496 917 1518 962 ι.

566 1066 742 1131 tributione
764 1065 927 1131 mercedis.
972 1066 1088 1132 Graeca
1109 1066 1212 1153 plebs,
1232 1078 1265 1131 et
1288 1066 1439 1147 Hebraea,
1454 1067 1521 1131 sine

566 1180 798 1254 praeceptorum
833 1166 1033 1245 difficultate,
1069 1167 1189 1254 linguae
1228 1191 1294 1232 suae
1331 1166 1522 1253 compendio

568 1269 691 1333 utitur:
722 1280 835 1334 ettam
851 1269 952 1346 Galli,
966 1292 1064 1356 quam
1088 1269 1247 1347 Britones,
1263 1281 1295 1334 et
1317 1268 1388 1332 alirn
1408 1269 1520 1333 itidem

565 1384 690 1456 gentes,
699 1371 921 1436 commercium
934 1373 1033 1447 verbi,
1043 1386 1118 1438 ante
1128 1396 1147 1436 a
1158 1372 1319 1437 nutricum
1331 1371 1413 1445 sinu,
1423 1391 1521 1455 quam

567 1496 588 1537 a
612 1473 766 1539 cathedra
791 1473 960 1539 doctorum
985 1473 1160 1561 excipiunt.
1204 1473 1349 1563 Nutricis
1378 1472 1521 1572 linguam

567 1575 822 1677 Q‘P‘„
773 1577 894 1674 redolet
909 1592 995 1671 aetas
1009 1578 1129 1643 virilis:
1161 1600 1218 1642 nec
1233 1589 1338 1664 potest
1359 1560 1521 1641 interdum

569 1678 610 1743 ab
625 1701 673 1758 eo,
687 1665 791 1764 quod
791 1660 928 1743 tenerior
942 1690 1020 1744 aetas
1035 1654 1190 1755 ebiberat,
1204 1677 1370 1742 doctorum
1386 1675 1522 1761 diligen·

570 1781 616 1846 tia
629 1780 760 1845 erudiri.
805 1784 910 1854 Quam
934 1794 1018 1846 recte
1040 1779 1229 1865 loquuntur,
1244 1801 1341 1864 quam
1363 1777 1522 1864 expedite,

570 1882 706 1966 singulae
720 1895 861 1977 gentes,
854 1882 885 1945 in
902 1883 1031 1968 linguis,
1044 1905 1125 1967 quas
1139 1878 1184 1945 eis
1200 1880 1320 1945 decreti
1334 1878 1443 1970 ἀιιίιιι
1449 1902 1523 1967 con-

564 1984 695 2087 stitutio
677 1983 911 2083 assignqvitl
943 1990 975 2049 N
979 1983 1103 2069 unqurd
1126 1998 1226 2047 artem
1244 1983 1396 2047 orationis
1414 2004 1524 2069 expec-

524 2130 532 2140 ·
564 2069 661 2162 tant,
674 2099 730 2149 ant
751 2099 911 2171 praecepta
933 2083 1151 2169 eloquentia?
1183 2086 1358 2161 Postremo,
1374 2084 1454 2171 quid
1477 2095 1524 2148 est

570 2185 761 2271 eloquentiae
786 2209 859 2250 cum
886 2185 1115 2299 philosophia?
1101 2185 1245 2250 laitera
1270 2186 1354 2249 enim
1380 2186 1524 2250 consistit

570 2288 602 2352 in
627 2287 734 2366 verbo,
748 2291 848 2351 altera
870 2287 1035 2374 sapientiae
1051 2287 1117 2350 rias
1138 2287 1276 2360 affectat,
1292 2286 1473 2369 investigat,
1492 2299 1524 2351 et

570 2390 693 2464 circuit,
706 2402 738 2453 et
753 2389 915 2453 interdum
932 2411 989 2475 pro
1003 2388 1112 2452 studio
1126 2387 1292 2451 efficaciter
1303 2387 1525 2474 apprehendit.

571 2489 669 2555 Plane
681 2492 871 2576 eloquentiae
885 2502 1047 2576 praecepta
1062 2488 1248 2575 sapientiam
1261 2510 1323 2551 non
1335 2489 1523 2554 conferunt:

571 2593 627 2658 sed
643 2613 700 2656 nec
715 2614 853 2656 amorem
875 2593 963 2677 ejus:
994 2604 1026 2656 et
1049 2590 1219 2677 saepissime
1241 2589 1371 2676 quidem
1394 2590 1423 2653 ei
1444 2589 1527 2655 obti-

572 2693 685 2759 nenda>
709 2716 771 2758 non
798 2691 967 2757 conferunt
1025 2693 1091 2756 Res
1116 2695 1200 2756 enim
1230 2690 1442 2777 philosophia,
1468 2705 1526 2755 aut

572 2794 644 2858 finis
674 2793 754 2879 ejus,
784 2815 859 2877 quae
886 2804 934 2855 est
969 2761 1134 2875 sapienda,
1166 2791 1293 2876 quaerit,
1325 2813 1386 2854 non
1417 2791 1525 2875 rerba.

575 2898 690 2979 ltaque
713 2916 752 2956 ex
779 2893 827 2956 his
851 2892 963 2977 liquet,
988 2891 1066 2976 quia
1088 2904 1248 2978 praeccpta
1272 2891 1461 2976 eloquentiae
1484 2891 1525 2956 ab

575 2997 680 3083 operis
696 2995 760 3062 suis
775 2993 976 3081 philosophia
991 2993 1142 3058 eliminat.

699 3150 778 3232 Cap.
795 3155 825 3212 7.
847 3147 900 3211 De
913 3149 1185 3211 commendatione
1198 3148 1395 3230 eloquentiae.

617 3266 838 3330 Conrucarua
852 3263 920 3328 baec
935 3262 1050 3328 domus
1064 3262 1183 3328 insulsa
1196 3264 1273 3344 (suis
1289 3278 1393 3329 tamen
1410 3266 1525 3349 verbis)

573 3379 605 3432 et
621 3390 718 3454 quam
734 3377 858 3430 constat
874 3366 975 3431 totius
989 3363 1108 3452 eloquii
1119 3367 1343 3453 contempsisse
1358 3383 1528 3456 praecepta.

576 3468 666 3533 Sicut
689 3468 772 3532 enim
797 3467 839 3531 dc
864 3467 966 3554 seipsa
995 3481 1144 3546 testatur,
1169 3469 1315 3554 gravium
1347 3484 1528 3558 temporum

574 3594 771 3658 casuumque
796 3591 860 3635 non
887 3583 992 3656 potest
1019 3569 1114 3634 simul
1139 3593 1251 3635 curare
1272 3573 1470 3656 juncturam,
1497 3586 1529 3637 et

575 3672 803 3738 constructioni
824 3692 974 3734 sensuum
995 3694 1123 3757 operam
1139 3671 1224 3737 dare.
1269 3674 1362 3749 Esto,
1378 3671 1530 3758 loquatur

575 3775 667 3849 falso,
683 3773 761 3837 dum
783 3793 892 3835 rerum
914 3773 1041 3850 sentiat,
1058 3772 1112 3836 sed
1134 3772 1228 3860 plane
1248 3796 1309 3837 ιιοιι
1325 3773 1528 3860 adquiescet:

576 3875 654 3963 quia
669 3875 763 3938 homo
777 3895 831 3938 ore
847 3874 996 3952 mendax,
1011 3888 1042 3939 et
1060 3873 1175 3962 spiritu
1196 3875 1310 3940 falsum
1328 3875 1530 3961 loquitur,ct

575 3976 691 4041 falsum
718 3974 823 4039 sentit.
880 3975 934 4040 Ait
959 3979 1055 4051 enim,
1068 3976 1247 4092 ιιριιιῌιιιι
1271 3990 1346 4041 sunt
1372 3990 1530 4062 praccepta

575 4077 775 4166 eloquentiae,
795 4080 946 4166 quoniam
969 4104 1007 4144 ea
1026 4071 1220 4144 naiuraliter
1233 4075 1333 4154 adest,
1354 4093 1411 4143 aut
1431 4078 1530 4145 abest.

577 4181 698 4261 Quids
692 4204 834 4268 inquam,
849 4178 980 4245 salsius?
1008 4182 1069 4244 Est
1083 4179 1166 4243 enirn
1187 4163 1380 4291 eloquentia,
1395 4180 1531 4247 facultas

576 4281 703 4348 dicendi
729 4281 907 4353 commode,
930 4281 1018 4365 quod
1043 4279 1102 4342 sibi
1129 4279 1199 4345 vult
1225 4280 1349 4344 animus
1376 4282 1530 4368 expediri.

577 4385 671 4461 Quod
688 4383 770 4447 enim
793 4384 825 4448 in
842 4382 951 4446 abdito
970 4375 1076 4445 cordis
1090 4394 1149 4461 est,
1163 4382 1223 4445 hoc
1245 4382 1505 4468 quodammodo
1500 4408 1530 4448 in

578 4483 678 4548 lucem
702 4485 835 4570 profert,
856 4495 887 4547 et
911 4481 1059 4566 producit
1086 4481 1117 4545 in
1144 4482 1320 4567 publicum.
1368 4485 1530 4570 Siquidem
