4242 5767
592 923 635 980 50
851 935 988 982 soranis
1003 937 1283 986 sanassenrsusrs
1422 929 1503 1003 [ms.
1522 948 1543 990 1.

592 1085 751 1164 Salomon,
760 1109 821 1152 non
834 1087 930 1152 modo
941 1088 972 1152 in
986 1089 1096 1154 eodem
1108 1090 1201 1166 libro,
1209 1105 1241 1157 et
1251 1091 1281 1155 in
1292 1092 1402 1158 eadem
1415 1097 1543 1182 pagina,

589 1187 643 1251 sed
666 1186 760 1251 etism
785 1188 945 1253 continuis
968 1191 1123 1271 versibus,
1146 1192 1243 1256 dicit:
1276 1195 1330 1257 Ne
1351 1202 1545 1279 respondeas

587 1295 686 1354 stulto
699 1292 873 1354 secumdum
896 1292 1067 1355 stultitiam
1090 1315 1197 1370 artam,
1212 1316 1254 1359 rre
1274 1297 1424 1382 efficiaris
1446 1304 1477 1365 ei
1498 1306 1541 1365 si·

586 1394 696 1457 milia:
726 1403 756 1457 et
771 1395 926 1476 responde
940 1399 1038 1457 stulto
1052 1397 1231 1459 secundum
1253 1398 1423 1462 stultitiam
1439 1424 1543 1484 saum,

585 1515 624 1558 ne
651 1496 712 1559 sibi
740 1499 871 1577 sapiens
899 1497 1072 1560 videatur?
1112 1499 1228 1583 ltaque
1258 1499 1378 1584 regulae
1404 1502 1539 1569 sciendae

586 1608 673 1672 sunt,
689 1609 726 1661 ut
741 1596 782 1660 ad
798 1596 867 1661 illas
881 1611 1016 1674 constet,
1032 1598 1112 1684 quid
1129 1599 1160 1662 in
1184 1623 1326 1664 sermone
1348 1614 1468 1667 rectum
1486 1608 1538 1687 sit,

586 1697 664 1782 quid
684 1720 834 1776 enorme;
864 1699 940 1782 quia
955 1699 1014 1762 nisi
1030 1699 1072 1763 ad
1089 1699 1242 1783 regulam,
1259 1725 1359 1788 prava
1381 1727 1443 1769 non
1467 1729 1537 1771 cor·

584 1801 679 1886 riges,
689 1800 843 1887 nulloque
853 1801 961 1865 studio
972 1802 1117 1887 ignotum
1130 1803 1343 1890 praecipitium
1355 1807 1536 1876 declinabis.

584 1908 631 1969 At
655 1905 685 1969 in
709 1905 839 1990 regulis,
856 1905 909 1970 vix
933 1905 1054 1992 aliquid
1074 1906 1196 1986 utilius,
1211 1922 1267 1972 aut
1283 1913 1538 1996 compendiosius

584 2007 715 2071 dixerim
733 2029 769 2071 ea
792 2021 883 2092 parte
897 2008 1027 2082 artium,
1043 2031 1119 2094 quoe
1140 2009 1218 2073 dum
1235 2011 1355 2095 figuras
1370 2028 1459 2080 notat
1479 2040 1536 2082 au·

582 2124 719 2183 ctorum,
730 2109 866 2172 virtutes
875 2122 906 2172 et
918 2109 996 2171 vitia
1006 2132 1186 2173 sermonum
1198 2109 1376 2178 luculenter
1384 2119 1534 2184 ostendit.

583 2211 679 2275 Unde
691 2211 788 2275 miror
802 2233 901 2296 quare
914 2222 1080 2296 tantopere
1095 2235 1113 2275 a
1128 2214 1295 2277 coaetaneis
1307 2217 1422 2280 nostris
1434 2218 1534 2304 negli-

581 2311 683 2398 gitur,
702 2334 805 2399 quum
831 2311 1001 2375 utilissima
1024 2313 1077 2388 sit,
1098 2328 1128 2377 et
1153 2315 1475 2400 compendiosissima,
1498 2335 1531 2386 et

579 2417 645 2480 sere
660 2415 701 2479 ab
712 2414 861 2479 omnibus
872 2415 1082 2499 scriptoribus
1094 2415 1190 2500 hujus
1201 2417 1280 2480 artis
1291 2416 1531 2504 diligentissime

579 2528 782 2606 pertractata.
828 2520 988 2592 Donatus,
1006 2515 1147 2592 Servius,
1164 2517 1355 2597 Priscianus,
1373 2522 1530 2600 Isidorus,

580 2620 801 2695 Cassiodorus,
818 2617 907 2684 Beda
930 2629 1047 2696 noster,
1069 2632 1101 2683 et
1124 2619 1177 2683 alii
1200 2643 1295 2706 quam
1320 2621 1440 2707 plures,
1459 2647 1528 2689 eam

578 2722 694 2808 singuli
719 2734 868 2797 tractant,
892 2733 930 2784 ut
953 2721 1075 2784 nisiex
1099 2721 1303 2807 negligentia,
1326 2724 1436 2809 ignota
1463 2750 1529 2790 esse

578 2847 638 2888 non
659 2828 769 2910 possit.
815 2821 1035 2895 Quintilianus
1057 2846 1188 2908 quoque
1212 2826 1288 2888 dum
1313 2825 1393 2889 banc
1416 2828 1527 2906 tradit,

576 2923 674 2988 tantis
687 2923 778 2986 effert
795 2921 970 3007 proeconiis‚
987 2931 1025 2984 ut
1038 2925 1110 2986 sirre
1131 2926 1192 2986 trac
1206 2946 1261 2987 aec
1275 2946 1390 2990 nomen
1408 2932 1528 3012 prtffes·

575 3025 674 3088 aionis
687 3027 773 3087 dicat
786 3030 932 3087 constare
947 3023 1177 3100 Grammatico,
1193 3032 1224 3087 et
1235 3027 1371 3108 frustra
1386 3030 1433 3091 ad
1447 3034 1529 3094 artis

572 3131 725 3212 peritiam
741 3127 895 3209 aspirare.
933 3125 1112 3222 Qum
1128 3139 1235 3218 eutem
1252 3126 1441 3217 significatio
1456 3131 1529 3218 dili-

574 3227 704 3317 genth
718 3224 1029 3315 excutienda-eslf}
1043 3213 1254 3319 *quid'sermo
1277 3215 1411 3313 quilibet
1431 3229 1462 3293 in
1480 3252 1525 3308 se,

569 3307 901 3418 lisdem&
924 3324 955 3387 io
978 3314 1270 3423 ⁰⁰¹¹}‘23ll1e0ssrlb
1286 3327 1434 3394 solertius
1456 3332 1526 3417 per-

574 3414 794 3502 i'c'rntandum,
821 3416 1285 3521 iit'sopl'ris'm'atnumfflumbras,
1311 3427 1386 3517 quse
1413 3426 1523 3497 verum

570 3512 774 3602 bbnubilan't',
800 3517 958 3593 discutere
984 3529 1094 3615 possit.
1141 3521 1411 3627 Ilicendi'autem
1443 3530 1524 3633 ratio

572 3623 1120 3725 mmmmm-(Tmo
1135 3633 1302 3710 dictorum,
1315 3626 1354 3696 aa
1368 3639 1524 3717 qualitate

558 3718 729 3815 ,perseam
744 3722 785 3794 ee
803 3727 1168 3818 uncinata-auditorum,
1183 3753 1223 3796 ee
1242 3735 1306 3795 loeo
1320 3744 1351 3796 et
1371 3741 1521 3818 tempore,

568 3822 718 3919 istisque,
734 3830 822 3926 sario
837 3831 942 3904 modo,
958 3829 1044 3916 apud
1068 3829 1250 3915 diligentem
1274 3832 1520 3920 exploratorem,

569 3922 814 4000 bonsiderandis.
853 3930 886 3996 Si
902 3928 976 4018 quis
990 3926 1097 3996 autem
1111 3932 1160 3997 his
1176 3932 1345 4018 diligenter
1360 3936 1521 4020 institerit,

569 4022 644 4123 dbis
673 4020 826 4100 adversus
855 4034 918 4098 tria
956 4034 1137 4099 intellectus
1172 4036 1325 4122 repagula
1357 4039 1520 4125 proposita

569 4152 654 4216 sunt,
665 4137 843 4224 profectum
856 4158 949 4199 suum
962 4135 1133 4232 inscriptis
1144 4149 1175 4199 et
1187 4136 1282 4200 dictis
1293 4137 1517 4226 intelligendis,

568 4258 599 4308 et
615 4244 681 4328 ipse
697 4238 877 4314 mirabitur,
892 4253 923 4301 et
940 4237 1010 4300 aliis
1027 4237 1215 4302 venerabilis
1230 4241 1407 4325 apparebit.

568 4433 647 4518 Cap.
663 4437 714 4495 20.
741 4429 782 4492 Ire
796 4429 911 4511 quibus
928 4429 1178 4491 Grammaticum
1194 4435 1336 4510 oporteat
1356 4436 1516 4513 occupari,
1610 4471 1613 4475 Δ

610 4566 791 4629 Venssrun
813 4575 845 4626 et
867 4561 950 4626 circa
975 4561 1037 4624 alia
1063 4559 1278 4645 grammaticae
1305 4562 1459 4641 studium,
1482 4579 1513 4630 et
