4242 5767
516 539 618 709 pm
649 516 762 640 pm„
781 580 799 624 ,⁴
814 575 843 624 μ
860 560 917 617 at.
963 527 1054 626 lac„
1069 525 1229 623 stolis

625 909 663 968 12
889 928 1027 973 maurus
1042 927 1320 976 sanasaaarausrs
1454 914 1536 994 [nra.
1553 933 1574 976 1.

625 1073 751 1138 videtur
776 1099 844 1140 esse
873 1080 1122 1144 accommodum.
1167 1083 1274 1159 Quum
1304 1105 1378 1147 vero
1407 1083 1574 1147 beatitudo

624 1177 855 1243 communionis
868 1178 990 1262 ignara,
1003 1204 1078 1266 quoe
1094 1195 1148 1247 aut
1165 1185 1270 1270 qualis
1284 1196 1376 1248 extra
1391 1187 1573 1249 societatem

623 1279 676 1351 sit,
692 1299 749 1341 nec
763 1277 840 1361 fingi
856 1280 985 1364 quidem
1002 1282 1101 1366 possit
1114 1309 1123 1356 ;
1151 1284 1298 1370 quisquis
1312 1307 1360 1360 ea,
1375 1308 1450 1370 quae
1465 1284 1593 1376 adjus-

622 1379 950 1482 qucjctatis,
962 1388 1047 1469 (quae
1059 1384 1293 1470 quodammodo
1303 1384 1440 1450 liliorum
1453 1398 1576 1449 naturae

623 1480 715 1543 unica
737 1495 767 1545 et
795 1481 964 1564 singularis
989 1483 1172 1549 fraternitas
1193 1490 1264 1566 est,)
1289 1485 1519 1570 conciliandum
1543 1497 1575 1549 et

621 1578 792 1643 fovendum
826 1580 1010 1663 proficiunt,
1039 1584 1220 1670 impugnat,
1248 1587 1331 1649 viam
1361 1584 1576 1671 adipiscendae

621 1678 784 1745 felicitatis
810 1682 959 1746 omnibus
985 1684 1114 1750 videtur
1139 1685 1323 1750 obstruere:
1360 1700 1391 1752 et
1418 1687 1574 1774 praecluso

621 1782 708 1867 pacis
730 1783 833 1859 aditu,
855 1784 945 1848 utin
968 1807 1001 1848 se
1021 1798 1210 1851 concurrant
1231 1787 1272 1851 ad
1292 1788 1456 1852 interitum
1478 1788 1575 1864 orbis,

621 1900 745 1949 naturae
767 1882 884 1948 viscera
905 1885 1046 1949 incitare.
1093 1887 1167 1950 Hoc
1192 1887 1322 1972 quidem
1349 1901 1396 1952 est
1422 1892 1575 1955 seminare

621 1986 702 2049 inter
716 1985 830 2048 fratres
849 1986 1051 2063 discordiam,
1068 1987 1127 2050 hoc
1145 2008 1234 2051 arma
1253 1989 1432 2053 ministrare
1447 2010 1576 2073 compo-

621 2084 708 2158 sitis3
737 2086 797 2148 hoc
811 2084 950 2171 denique
968 2086 1093 2149 firmare
1112 2108 1230 2151 novum
1251 2101 1283 2152 et
1306 2111 1456 2171 magnum
1480 2089 1576 2153 chaos

621 2187 704 2249 inter
724 2189 829 2250 Deum
845 2195 878 2250 et
898 2186 1057 2250 homines:
1089 2187 1133 2250 sic
1148 2188 1230 2252 enirn
1247 2188 1287 2252 ad
1303 2188 1452 2252 firmioris
1471 2210 1574 2253 nexus

620 2308 815 2372 compagem,
827 2297 860 2350 et
873 2287 1014 2352 caritatis
1026 2285 1214 2364 custodiam,
1226 2288 1443 2352 universitatis
1455 2303 1574 2373 partes,

620 2387 757 2451 creatrix
779 2386 930 2462 Trinitas,
952 2391 1042 2453 Deus
1063 2410 1147 2451 uuus
1166 2402 1196 2452 et
1219 2411 1324 2462 verus,
1345 2385 1517 2466 ordinavit,
1538 2404 1574 2452 ut

620 2486 751 2552 alterius
773 2510 833 2573 ope
856 2510 905 2552 res
926 2487 1026 2552 altera
1046 2486 1214 2572 indigeret,
1235 2500 1267 2552 ct
1290 2488 1390 2552 altera
1412 2487 1572 2552 defectum

620 2589 781 2675 suppleret
793 2588 942 2666 alterius3
964 2590 1041 2655 dum
1055 2603 1129 2654 sunt
1140 2589 1264 2676 singula
1273 2590 1363 2676 quasi
1377 2586 1574 2673 singulorum

620 2692 772 2756 membra.
817 2691 998 2778 semiplena
1014 2704 1087 2756 sunt
1104 2701 1181 2777 ergo
1200 2691 1317 2765 omnia,
1333 2689 1359 2756 'si
1376 2687 1418 2755 ab
1439 2688 1574 2753 inv'icem

619 2792 854 2866 dissolvantur3
900 2793 954 2856 sed
993 2792 1127 2855 aliorum
1167 2791 1375 2855 foederatione
1414 2790 1573 2873 perfecta:

620 2895 770 2979 quoniam
793 2893 899 2957 omnia
925 2893 1046 2956 mutuis
1067 2904 1212 2956 constant
1235 2890 1372 2955 auxiliis.
1418 2890 1503 2967 Quid
1532 2892 1573 2956 ad

619 2994 848 3059 beatitudinem
863 2992 1068 3058 obtinendam
1081 2993 1200 3056 virtute
1215 2992 1351 3068 fidelius,
1363 3005 1421 3057 aut
1437 2992 1573 3056 utilius?

620 3095 705 3172 Quid
721 3092 999 3180 compendiosius?
1030 3095 1098 3157 hoec
1112 3106 1160 3158 est
1175 3093 1258 3156 enim
1275 3092 1341 3156 scre
1358 3091 1527 3178 singularis
1542 3108 1573 3159 et

620 3195 712 3260 unica
733 3197 795 3275 via,
810 3218 906 3282 quam
927 3195 967 3259 ad
990 3195 1221 3260 beatitudinem
1244 3197 1347 3280 gratia
1369 3196 1572 3281 preparavit.

620 3300 701 3362 Nam
725 3300 782 3385 qui
805 3302 885 3363 citra
901 3298 1029 3363 virtutis
1044 3299 1193 3362 meritum
1214 3296 1298 3361 beati
1317 3297 1411 3371 liunt,
1428 3316 1490 3359 uon
1508 3311 1571 3362 tam

591 3478 595 3500 ¹
618 3400 1319 3487 eundoillucperveniunt,quaurtrahuntur.
1351 3398 1454 3464 Miror
1464 3399 1573 3485 itaque

619 3509 694 3582 (non
718 3516 822 3567 tamen
845 3503 932 3581 satis,
952 3503 1029 3588 quia
1051 3524 1113 3566 nou
1136 3505 1291 3587 possum)
1311 3498 1391 3584 quid
1412 3498 1471 3562 sibi
1492 3499 1574 3578 vult,

617 3605 674 3686 qui
685 3604 877 3689 eloquentia
889 3617 982 3687 negat
995 3626 1061 3667 esse
1074 3601 1267 3667 studendum
1278 3625 1287 3672 ς
1312 3603 1477 3684 ipsamque
1489 3601 1571 3664 sicut

618 3701 718 3764 risum
746 3723 807 3782 non
830 3721 928 3780 coeoo,
950 3701 1095 3765 auditum
1121 3721 1182 3763 nun
1209 3697 1319 3773 surdo,
1341 3698 1451 3761 asserit
1471 3699 1571 3780 gratis

617 3824 637 3864 a
651 3813 766 3864 natura
781 3803 943 3887 pervenire
958 3802 999 3876 ei,
1010 3801 1066 3885 qui
1079 3812 1189 3864 mutus
1200 3820 1260 3861 non
1273 3811 1339 3862 cst:
1364 3797 1418 3860 sed
1435 3795 1571 3883 plenius,

619 3902 643 3965 si
660 3914 783 3966 naturas
796 3923 923 3977 munus,
934 3901 1086 3964 exercitio
1101 3901 1278 3977 roboretur,
1290 3920 1346 3961 nec
1361 3910 1466 3962 tamen
1478 3898 1571 3962 bene·

619 4004 728 4069 licium
744 4003 874 4088 aliquod
889 4002 930 4066 ab
945 4017 1013 4067 arte
1028 4000 1193 4088 praestari:
1217 4013 1274 4064 urit
1296 3998 1329 4063 id
1344 3999 1460 4076 minus,
1473 4022 1570 4083 quam

618 4103 708 4167 labor
736 4105 813 4168 artis
839 4117 999 4190 exposcat.
1054 4104 1146 4171 Sicut
1175 4103 1258 4166 enim
1289 4101 1481 4187 eloquentia,
1508 4123 1570 4166 uon

618 4208 708 4270 modo
730 4210 899 4270 temeraria
921 4216 979 4280 eet,
995 4205 1047 4269 sed
1068 4205 1162 4270 etiam
1178 4226 1271 4284 caeca,
1285 4225 1382 4287 quarn
1405 4206 1486 4265 ratio
1508 4225 1570 4266 non

618 4306 777 4379 illustrat;
802 4307 846 4370 sic
863 4319 894 4371 et
911 4306 1075 4393 sapientia,
1085 4328 1159 4392 quae
1176 4327 1235 4369 usu
1253 4303 1341 4369 verbi
1356 4323 1418 4367 nou
1434 4302 1572 4389 prolicit,

619 4431 680 4499 non
694 4410 793 4491 *modo
808 4404 921 4494 ddrilis
935 4421 994 4487 est,
1008 4408 1063 4471 sed
1080 4406 1219 4494 quodam
1236 4406 1331 4470 modo
1344 4427 1471 4469 manca:
1497 4404 1568 4468 licet

619 4511 700 4573 enim
717 4512 911 4597 quandoque
922 4510 1122 4599 aliquatenus
1137 4508 1196 4574 sibi
1211 4507 1358 4595 prodesse
1370 4505 1469 4593 possit
1487 4505 1570 4607 sapi·
