4242 5767
867 887 930 945 372
1125 895 1260 941 roasms
1277 886 1551 939 sanusacmsssrs

867 1052 954 1113 toriae
975 1050 1054 1114 serie
1072 1050 1197 1130 legitur,
1211 1060 1309 1112 totam
1329 1046 1552 1127 cognationem
1575 1045 1649 1128 ejus
1666 1058 1705 1109 et
1730 1069 1821 1111 omni

867 1153 1012 1236 quicum
1033 1150 1243 1213 familiaritate
1259 1161 1313 1212 aut
1333 1147 1447 1231 quovis
1467 1146 1561 1209 titulo
1582 1148 1821 1229 contingebat

866 1254 1058 1337 proscriptos
1079 1252 1205 1314 addixit
1222 1251 1319 1314 exilio
1341 1251 1410 1313 sine
1430 1248 1557 1309 delectu
1580 1247 1778 1330 dignitatis,
1795 1273 1821 1314 ar

867 1355 996 1431 ordinis,
1022 1354 1214 1417 conditionis
1244 1364 1300 1414 aut
1325 1352 1469 1426 fortnnoe,
1494 1351 1598 1412 oetatis
1631 1362 1693 1413 aut
1729 1375 1821 1416 sexu

869 1455 952 1518 Nam
968 1466 1000 1517 et
1021 1454 1170 1516 mulieres
1189 1452 1221 1513 in
1245 1452 1414 1535 puerperio
1437 1451 1684 1528 decumbentes,
1705 1465 1744 1516 et
1769 1475 1821 1535 pa*

867 1557 931 1618 ruli
955 1554 1115 1635 vagientes
1137 1553 1169 1614 in
1192 1553 1294 1625 cunis,
1317 1553 1348 1613 in
1374 1552 1505 1614 exilium
1525 1552 1591 1614 acti
1615 1568 1709 1615 sunt.
1764 1556 1821 1618 Prr

866 1657 963 1719 cessit
992 1655 1125 1716 ulterius
1153 1654 1238 1715 furor
1266 1653 1413 1715 immanis
1443 1664 1475 1715 et
1504 1653 1568 1733 piis
1594 1655 1736 1717 auribus
1767 1657 1821 1719 hor

866 1756 965 1818 reuda
986 1754 1166 1818 cmdelitas.
1211 1753 1318 1825 Quum
1344 1754 1431 1814 enim
1454 1752 1625 1816 Catholiea
1648 1756 1754 1818 etiam
1780 1779 1821 1841 pr

866 1857 1025 1921 haereticis
1047 1869 1079 1919 et
1101 1855 1313 1918 schismaticis
1336 1867 1368 1917 et
1390 1853 1522 1938 perfidis
1537 1855 1666 1920 Judaeis
1688 1869 1769 1921 oret
1785 1881 1821 1923 ec

867 1960 975 2035 clesia,
997 1958 1192 2041 prohibitum
1215 1969 1264 2019 est
1286 1979 1326 2018 ne
1356 1957 1428 2039 quis
1457 1977 1541 2032 eum,
1563 1958 1611 2019 vel
1643 1960 1821 2023 oratiouur

866 2059 1035 2139 suffragiis,
1046 2058 1219 2140 adjuraret.
1266 2057 1406 2119 Ministri
1419 2077 1547 2140 quoquc
1558 2058 1701 2138 publicae
1719 2072 1821 2142 potes

866 2160 939 2220 tatis
961 2180 1073 2220 onmes
1095 2158 1222 2220 adultos
1239 2158 1348 2238 jurare
1372 2159 1542 2238 cogebant,
1564 2157 1653 2240 quod
1676 2160 1821 2224 Pontini

865 2279 958 2322 acum
974 2255 1181 2320 contristandi
1200 2256 1434 2340 archiepiscopi
1457 2280 1552 2321 causa
1567 2271 1722 2340 peterent
1780 2265 1821 2324 lh

864 2361 950 2423 enim
966 2382 999 2422 se
1016 2355 1207 2421 aitsanctus
1222 2355 1424 2440 diujejuniis
1440 2368 1473 2422 et
1493 2359 1687 2422 orationibus
1713 2382 1819 2425 mace

864 2463 945 2525 ravit
966 2482 1060 2523 orans
1084 2459 1207 2543 jugitur
1229 2479 1286 2541 pro
1309 2457 1458 2536 ecclesia,
1479 2481 1537 2543 pro
1560 2481 1643 2541 rege,
1666 2472 1700 2523 et
1724 2484 1821 2544 regui

865 2566 1052 2645 Anglorum,
1068 2561 1170 2624 donec
1194 2582 1266 2623 eum
1290 2559 1365 2624 inde
1388 2581 1445 2623 rex
1467 2581 1524 2644 per
1545 2562 1679 2625 abbates
1701 2562 1821 2628 Cister

865 2666 1001 2740 cienses,
1016 2665 1073 2745 qui
1089 2662 1128 2724 de
1145 2674 1226 2724 terra
1241 2683 1299 2724 sua
1314 2660 1353 2724 ad
1380 2662 1554 2744 capitulum
1577 2664 1728 2742 generale
1747 2687 1821 2729 con

866 2776 1030 2841 venerant,
1059 2765 1245 2846 proturbare
1275 2763 1405 2825 curavit
1452 2762 1519 2826 Sed
1547 2772 1722 2847 autequam
1748 2767 1821 2830 indr

866 2867 1119 2951 progrederetur,
1156 2864 1264 2925 divina
1297 2865 1489 2927 revelatione
1526 2865 1725 2929 confortatus
1766 2880 1821 2932 est

866 2969 994 3031 coelitus
1009 2967 1071 3028 sibi
1087 2975 1215 3026 ostenso
1231 2962 1365 3037 indicio,
1382 2963 1469 3047 quod
1482 2964 1525 3029 ad
1539 2966 1713 3029 ecclesiam
1730 2990 1821 3034 suau

865 3066 1024 3131 rediturus
1045 3075 1112 3128 erat
1135 3084 1209 3126 eum
1228 3065 1337 3144 gloria,
1358 3077 1390 3128 et
1404 3065 1479 3128 inde
1501 3079 1575 3149 post
1594 3071 1737 3150 martyrii
1756 3075 1821 3155 pal«

867 3192 950 3233 marn
965 3168 1157 3250 migraturus
1172 3166 1212 3230 ad
1230 3167 1413 3229 Dominum.
1459 3167 1505 3229 Et
1519 3169 1605 3231 sicut
1614 3171 1708 3233 beata
1720 3173 1821 3254 virgo,

865 3272 955 3355 cujus
970 3270 1110 3333 animam
1125 3269 1159 3330 iu
1182 3268 1238 3330 filii
1259 3268 1408 3350 passione
1429 3267 1547 3330 doloris
1569 3268 1695 3348 gladius
1715 3283 1821 3337 traus-

866 3371 1052 3448 verheravit,
1075 3371 1244 3453 plusquam
1269 3380 1387 3451 martyr
1407 3367 1525 3447 legitur
1546 3370 1701 3448 extitisse,
1725 3374 1821 3439 sicet

867 3473 988 3538 Christi
1006 3468 1170 3534 confessor
1191 3470 1268 3532 dum
1289 3469 1321 3531 in
1339 3490 1372 3531 ss
1393 3481 1425 3531 et
1441 3469 1508 3531 suis
1528 3470 1638 3546 multa,
1653 3492 1776 3551 magna
1792 3491 1821 3539 et

865 3574 1011 3637 inaudita
1040 3584 1072 3635 et
1100 3573 1196 3652 longa
1219 3567 1377 3653 supplicia
1405 3571 1580 3652 pertulerit,
1608 3571 1757 3635 meritum
1791 3588 1821 3639 et

865 3694 1013 3736 eoronam
1035 3671 1176 3752 martyrii
1196 3670 1363 3750 gloriosius
1385 3670 1560 3732 illustravit.
1604 3670 1739 3735 Timeus
1762 3696 1821 3739 au-

865 3785 928 3835 tem
945 3773 1115 3833 occasione
1131 3773 1181 3834 sui
1190 3771 1272 3853 juris
1288 3772 1405 3834 sanctis
1419 3770 1584 3834 imminere
1599 3771 1821 3857 dispendium,

866 3882 978 3955 sponte
1001 3869 1155 3944 discessit,
1177 3883 1209 3933 et
1231 3872 1271 3932 ad
1294 3873 1486 3934 Francorum
1510 3872 1821 3943 christianissimum

865 3994 970 4056 regem
1002 3967 1202 4033 Ludericum
1232 3990 1266 4031 se
1297 3972 1442 4048 eontulit,
1465 3973 1521 4057 qui
1544 3996 1616 4037 cum
1637 3990 1821 4044 reverenter

867 4076 1047 4159 excipiens,
1062 4071 1166 4134 donec
1184 4091 1250 4155 pax
1266 4072 1495 4152 reformaretur,
1515 4073 1741 4139 humanissime
1762 4099 1821 4142 ne·

864 4178 999 4243 cessaria
1015 4173 1214 4237 ministravit.

876 4308 889 4333 ·.
907 4275 1100 4340 Sollicitavit
1122 4275 1217 4337 etiam
1240 4295 1399 4338 summum
1422 4275 1609 4358 pontificem
1639 4278 1671 4339 in
1697 4279 1820 4347 virtuts

863 4378 978 4440 amoris
1007 4387 1040 4437 et
1069 4376 1128 4438 sub
1159 4378 1294 4459 impensi
1326 4377 1556 4456 protestatione
1584 4378 1746 4460 obsequii,
1774 4404 1818 4448 no

863 4478 993 4541 ulterius
1033 4474 1201 4538 dilationes
1236 4476 1437 4540 smstratoriat
1481 4492 1685 4559 prorogaret:
1731 4481 1821 4549 sicut
