4242 5767
652 877 693 936 ³8
909 889 1046 933 ioannis
1064 889 1341 934 saansnnmnnms
1483 874 1564 952 [mn.
1583 892 1603 934 1.

655 1041 743 1128 quod
764 1039 1001 1124 appellativum,
1022 1055 1080 1104 aut
1100 1043 1278 1126 categorica
1300 1039 1470 1128 praemissis
1492 1042 1607 1105 adnec-

657 1158 782 1223 tuntur,
802 1143 968 1229 adjectivae
992 1144 1122 1209 virtutis
1141 1145 1250 1229 explet
1267 1144 1416 1225 officium,
1436 1168 1511 1230 quae
1534 1145 1607 1208 sub·

656 1246 864 1310 stantivorum
899 1245 1089 1311 determinat
1124 1247 1322 1333 qualitatem.
1368 1251 1606 1322 Verumtamen,

657 1348 739 1412 sicut
755 1348 786 1410 in
807 1347 957 1432 operibns
977 1360 1102 1412 natnroe
1125 1349 1274 1413 subtilior
1294 1363 1342 1414 est
1362 1348 1537 1435 speculatio
1557 1371 1608 1410 eo-

657 1472 727 1515 rum
752 1470 828 1536 quoe
854 1450 975 1528 insunt,
999 1462 1114 1534 utpote
1136 1451 1341 1539 simplicium,
1363 1476 1461 1539 qnam
1484 1473 1606 1527 eorum,

655 1574 730 1636 quae
744 1552 932 1636 compositio
947 1554 1052 1616 sensui
1069 1554 1198 1638 ingerit,
1214 1569 1270 1620 aut
1290 1555 1484 1627 intellectui;
1509 1554 1553 1617 sic
1572 1554 1605 1615 in

656 1652 823 1739 adjectivis
849 1654 997 1718 secundoe
1023 1656 1248 1739 impositionis,
1274 1657 1300 1720 si
1327 1678 1389 1720 non
1417 1654 1608 1741 adjiciantur

655 1756 715 1836 his,
730 1755 849 1840 quibus
869 1755 1058 1820 naturaliter
1074 1755 1203 1820 addicta
1224 1771 1298 1822 sunt
1319 1757 1396 1843 quid
1417 1756 1606 1841 significent,

656 1855 816 1920 difficilius
830 1874 878 1920 est
893 1853 1087 1940 intelligere:
1105 1855 1236 1947 Qun
1245 1870 1291 1946 est
1303 1858 1387 1921 enim
1404 1857 1607 1953 naturffib-

655 1959 916 2059 Sfflaqlssm.
931 1959 1122 2047 verborum
1155 1973 1187 2024 et
1209 1940 1606 2046 accid'e'ntia*ej'u's,''quam

655 2085 777 2137 eorum,
793 2085 867 2148 quae
883 2062 987 2126 sensui
1009 2076 1064 2126 aut
1089 2062 1266 2127 intellectui
1289 2062 1475 2127 familiarius
1497 2087 1607 2127 occur-

655 2178 742 2229 runt.
798 2164 891 2228 Adeo
913 2164 1058 2250 quidem,
1081 2177 1117 2228 ut
1144 2165 1200 2250 qui
1224 2165 1371 2229 secundae
1396 2165 1606 2250 impositionis

655 2268 823 2354 adjectiva,
839 2267 950 2352 primas
972 2265 1181 2331 institutionis
1202 2253 1410 2332 substantivis
1432 2267 1605 2353 applicant,

655 2383 711 2434 ant
727 2369 803 2433 nibil
820 2369 949 2432 omnino
964 2367 1083 2445 dicant,
1099 2381 1155 2434 aut
1170 2368 1338 2455 nugiloqui
1356 2369 1430 2433 sint.
1473 2369 1506 2432 Si
1521 2370 1604 2432 enim

655 2494 757 2555 equus
767 2472 894 2536 dicatur
903 2474 1157 2555 patronymicus,
1166 2485 1222 2536 aut
1235 2474 1428 2556 hypothetici
1437 2475 1606 2551 saculares,

651 2576 805 2660 junctura
820 2574 1036 2660 incompetens
1053 2587 1112 2655 est,
1128 2573 1342 2661 praepediente
1360 2573 1490 2660 quidem
1512 2574 1605 2638 ratio-

657 2699 728 2741 nem
751 2677 949 2762 intelligendi
972 2675 1140 2762 principali
1163 2676 1390 2762 significatione
1416 2678 1604 2750 verborum

655 2802 717 2843 non
732 2780 842 2865 aliqua
858 2778 1099 2845 discohaerentia
1113 2778 1334 2843 accidentium.
1362 2783 1444 2845 Nam
1461 2778 1549 2864 quod
1565 2779 1606 2843 ad

654 2903 766 2965 genus,
782 2903 962 2961 numerum,
977 2893 1009 2946 et
1024 2903 1132 2944 casum
1156 2880 1287 2954 attinet;
1311 2881 1512 2946 substantivo
1530 2881 1606 2945 satis

653 2981 791 3045 coboeret
806 2981 1010 3067 adjectivum.
1056 2981 1118 3046 Sed
1135 2981 1321 3067 principalia
1337 2981 1514 3068 significata
1532 3004 1605 3045 con-
1689 3026 1690 3029 η

647 3083 795 3169 jungere,
818 3103 882 3145 non
909 3083 1005 3148 modo
1030 3083 1168 3159 mentiri,
1195 3085 1252 3148 sed
1277 3085 1373 3148 etiam
1400 3084 1516 3171 nugari
1544 3097 1601 3148 est.

658 3185 744 3248 Reus
770 3183 969 3270 Acyrologioe
993 3184 1146 3271 Virgilius
1173 3184 1372 3262 criminatur,
1398 3184 1506 3249 dicens
1534 3207 1605 3271 gra-

653 3284 759 3350 mineo
782 3289 813 3351 in
837 3308 960 3372 campo,
976 3309 1013 3348 eo
1035 3286 1123 3371 quod
1146 3286 1327 3372 graminoso
1349 3286 1381 3351 in
1404 3309 1518 3375 campo
1540 3286 1603 3352 dici

652 3388 814 3477 oportuit:
839 3399 871 3454 et
894 3389 987 3475 plane
1009 3388 1111 3474 magis
1132 3411 1206 3452 reus
1226 3401 1319 3465 esset,
1337 3401 1369 3454 et
1391 3390 1605 3476 proculdubio

653 3498 747 3581 longe
764 3494 928 3581 nugacior,
950 3494 975 3557 si
999 3492 1133 3557 dixisset
1154 3498 1192 3556 in
1214 3514 1326 3575 campo
1345 3497 1531 3575 categorico,
1555 3491 1606 3556 vel

650 3600 880 3677 patronymico.
919 3593 1073 3657 Dissolvit
1089 3603 1196 3654 autem
1213 3590 1395 3655 instantiam
1411 3615 1531 3669 eorum,
1548 3597 1608 3678 qui

653 3716 692 3757 ex
714 3695 787 3757 solis
808 3697 956 3757 nituntur
975 3692 1204 3768 accidentibus,
1219 3691 1252 3754 in
1273 3690 1480 3757 similitudine
1499 3698 1604 3758 oohoe·

651 3792 796 3857 rentibus
814 3792 885 3873 sibi,
899 3795 1034 3878 probare
1049 3790 1137 3877 quod
1154 3813 1216 3855 non
1231 3792 1334 3855 omnis
1349 3814 1533 3874 consonans,
1549 3817 1603 3858 vo-

651 3893 709 3959 cali
741 3895 922 3979 subjuncta,
954 3891 1118 3976 Syllabam
1147 3891 1233 3959 facit.
1281 3892 1445 3978 Siquidem
1475 3895 1490 3957 1
1518 3909 1550 3960 et
1575 3901 1604 3961 V

651 4009 857 4062 consonantes
872 3996 1066 4081 subjunctae,
1083 4016 1144 4057 non
1164 3995 1266 4080 magis
1284 3994 1456 4080 proliciunt
1471 3996 1512 4062 ad
1533 3998 1604 4084 Syl-

652 4098 768 4175 labam,
788 4119 886 4183 quam
906 4095 1063 4182 adjectiva
1086 4094 1233 4160 secundae
1253 4095 1475 4182 impositionis,
1490 4099 1603 4184 primis

650 4197 857 4265 substantivis
868 4196 1025 4283 apposita,
1034 4194 1075 4259 ad
1087 4207 1206 4259 rectam
1218 4207 1251 4260 et
1260 4195 1474 4281 aequimodam
1484 4199 1601 4284 loquu-

649 4303 779 4367 tionem.
824 4301 956 4364 Constat
977 4297 1125 4383 equidem
1146 4296 1213 4362 duo
1233 4321 1300 4362 esse
1320 4312 1450 4384 peccata
1471 4299 1602 4387 loquen-

650 4406 751 4476 tium,
784 4403 918 4468 alterum
944 4399 1144 4472 mentientis,
1176 4400 1311 4465 alterum
1340 4402 1602 4486 transgredientis

649 4509 783 4593 positam
796 4505 1031 4591 loquutionem:
1049 4501 1137 4588 quod
1150 4501 1190 4566 ad
1204 4503 1309 4566 minus
1320 4503 1372 4567 isti
1384 4503 1601 4570 committunt.
