4242 5767
757 884 819 939 ‘m
1015 895 1153 940 sorsum
1168 893 1447 941 srnnsnnnmssrs

757 1045 887 1109 Proficit
900 1068 977 1129 ergo
991 1046 1098 1108 minus
1112 1047 1160 1108 uti
1176 1066 1321 1112 sermone
1336 1047 1463 1122 Latino,

843 1145 947 1221 Quam
963 1145 988 1208 si
1003 1145 1173 1228 contigerit
1190 1145 1287 1208 verba
1302 1144 1441 1207 munda
1455 1145 1561 1230 loqui;

757 1243 944 1308 Sudandum
959 1245 1053 1308 nimis
1067 1258 1127 1318 est,
1143 1260 1180 1307 ut
1194 1245 1306 1328 lingue
1322 1245 1437 1307 latine
1451 1248 1579 1324 sciatur,

844 1345 980 1431 Absque
994 1345 1102 1410 labore
1118 1344 1177 1409 tibi
1192 1365 1296 1408 sermo
1311 1345 1471 1409 rotundus
1484 1349 1554 1411 erit.
1647 1356 1708 1414 160

758 1447 915 1510 insistunt
929 1446 1055 1527 studiis,
1071 1445 1150 1508 artis
1165 1443 1316 1525 suffragia
1330 1460 1493 1529 quaerunt,

841 1548 984 1624 Quorum
1000 1545 1152 1610 subsidiis
1166 1546 1278 1631 lingua
1293 1565 1426 1610 venusta
1439 1547 1551 1633 placet

755 1648 815 1711 Eo
830 1647 931 1731 igitur
945 1647 1046 1709 satius
1060 1647 1188 1727 linguas
1201 1644 1408 1718 confundere,
1423 1669 1520 1733 quum
1536 1650 1581 1711 ric

841 1748 1009 1834 Temporis
1023 1760 1123 1832 atque
1138 1746 1182 1809 rei
1197 1746 1314 1810 damna
1328 1747 1435 1810 subire
1449 1748 1554 1812 cimul.

755 1849 908 1926 flacilli,
924 1849 978 1912 ced
994 1862 1030 1913 tu
1046 1871 1120 1934 quae
1136 1849 1199 1911 sint
1214 1852 1369 1912 elementa
1382 1848 1501 1911 sciendi
1646 1857 1708 1916 loo

841 1953 886 2016 Et
902 1952 982 2015 bene
996 1950 1134 2027 dicendi,
1149 1951 1211 2014 sub
1224 1951 1381 2014 brevitate
1396 1951 1489 2014 refer.

992 2055 1077 2127 Qum
1089 2055 1257 2134 conferant
1270 2053 1475 2132 sapientiam.

755 2153 882 2239 Ingenii
898 2167 1012 2216 natura
1027 2166 1140 2239 potens
1153 2152 1217 2215 cito
1231 2151 1371 2237 possidet
1386 2175 1495 2237 omnes

843 2255 951 2330 Artes,
965 2250 991 2315 si
1007 2251 1104 2315 fuerit
1119 2252 1181 2315 ista
1195 2250 1324 2336 sequela
1338 2274 1457 2316 comes:

754 2355 895 2420 Auditus
909 2353 1011 2428 verbi,
1027 2352 1182 2416 librorum
1198 2350 1302 2430 lectio,
1317 2351 1427 2416 sollers

841 2457 938 2530 Cum,
953 2453 1045 2541 quies
1060 2453 1177 2516 studiis
1191 2466 1279 2538 opta,
1293 2452 1398 2518 fidelis
1412 2477 1500 2518 amor
1645 2465 1705 2523 170

1074 2558 1159 2630 Quae
1172 2558 1392 2637 eloquentium.

752 2660 855 2744 Optat
870 2658 902 2722 in
918 2658 1046 2744 eloquio
1059 2658 1085 2721 si
1100 2657 1174 2745 quis
1189 2659 1362 2742 praeclarus
1377 2657 1499 2732 haberi,

701 2684 716 2858 i
842 2761 1070 2825 Indubiumter
1084 2759 1124 2834 ei,
1140 2758 1227 2843 quod
1243 2758 1345 2842 cupit,
1359 2758 1422 2822 ista
1435 2758 1573 2823 dobunt:

707 2873 714 2928 '.
755 2865 923 2950 Ingenium
940 2862 1074 2949 pollens,
1090 2862 1238 2926 memoris
1252 2884 1382 2947 quoque
1397 2862 1533 2947 pectoris
1548 2883 1635 2942 usus,

703 2987 712 3060 f
838 2967 927 3030 Artis
939 2986 1027 3049 opes,
1044 2964 1130 3026 vocis
1143 2985 1273 3047 organa,
1289 2985 1391 3026 sermo
1406 2963 1563 3049 frequens.

985 3065 1039 3129 Dc
1052 3066 1219 3129 Mercurio
1233 3073 1265 3129 et
1279 3067 1471 3147 Philologio‘.
1517 3104 1521 3114 ·

751 3169 787 3235 Si
801 3167 876 3255 quie
890 3166 931 3230 ab
945 3167 996 3231 his
1011 3165 1115 3231 titulis
1129 3179 1161 3231 et
1175 3178 1303 3252 pectore
1318 3165 1417 3252 pollet
1432 3178 1465 3229 et
1479 3189 1543 3241 ore,
1644 3175 1706 3234 175

839 3267 1035 3335 Mercurium
1046 3268 1158 3354 jungit
1173 3267 1355 3351 Philologin
1370 3267 1441 3330 tibi.
1650 3349 1653 3352 ξ

753 3375 822 3437 Nec
837 3383 960 3436 movent
977 3373 1114 3434 Maurus
1129 3391 1249 3453 ponens
1264 3371 1456 3451 pantegra,
1470 3391 1562 3432 versu

838 3464 974 3537 Ponitur
988 3472 1150 3535 interdum
1166 3469 1290 3554 syllabn
1304 3469 1399 3554 longa
1415 3470 1531 3546 brevis,

752 3574 798 3640 Et
814 3574 919 3638 brevis
934 3573 1095 3638 interdum
1111 3572 1302 3658 producitur
1316 3586 1395 3648 crte,
1412 3572 1466 3638 ned
1482 3572 1567 3636 idem

843 3677 881 3738 In
897 3697 1039 3739 sermone
1056 3689 1161 3739 tamen
1177 3696 1288 3738 consur
1302 3674 1454 3760 utrinque
1469 3687 1586 3738 manet.
1644 3677 1707 3741 180

749 3780 799 3841 ‘Et
815 3798 913 3862 quum
930 3776 970 3838 de
986 3798 1079 3839 censu
1094 3788 1227 3852 constet,
1242 3775 1407 3860 pueriliter
1420 3787 1516 3852 errat,

840 3878 903 3942 Cui
920 3876 1044 3958 longam
1061 3876 1147 3939 litem
1163 3876 1234 3940 lanu
1249 3876 1379 3961 cuprina
1393 3877 1481 3940 feeit.

754 3977 958 4043 Alterutrum
975 3974 1023 4037 vel
1040 3987 1213 4061 utrumque
1227 3977 1301 4041 licet
1316 3977 1469 4060 proferre,
1484 3974 1540 4040 ced
1554 3974 1650 4052 insta,

838 4081 886 4142 Ut
902 4078 943 4142 sit
961 4075 1126 4140 Mercurio
1142 4076 1319 4161 philologia
1333 4100 1448 4158 eomer,

753 4181 824 4245 Non
841 4181 916 4266 quin
932 4178 1118 4244 numinibus
1133 4175 1219 4241 salsis
1233 4179 1411 4243 reverentia
1425 4180 1532 4254 detur,
1643 4180 1705 4244 185

751 4276 821 4357 pst*
840 4280 901 4344 Sed
918 4280 979 4345 cub
995 4279 1163 4344 verborum
1181 4279 1319 4364 tegmine
1334 4301 1408 4342 vera
1425 4279 1531 4344 intent.

751 4386 835 4446 Vero
850 4386 950 4446 latent
968 4402 1071 4445 rerum
1089 4380 1248 4444 variarum
1265 4391 1350 4443 tectu
1365 4379 1489 4463 figuris,

840 4483 921 4546 Nem
939 4505 1026 4546 sacru
1041 4480 1165 4564 vulgari
1182 4478 1311 4565 publica
1320 4481 1397 4564 jura
1411 4490 1530 4545 vetant.
