4242 5767
352 392 395 455 s·
430 392 469 461 τῇ
500 392 543 439 bt
577 389 714 434 thy*
765 390 791 422 υ
841 388 1121 472 'pw‘wwv

441 484 693 533 W

666 903 707 959 46
922 913 1058 957 romnus
1074 884 1353 957 sanssasmsnsrs
1494 896 1575 976 [ms.
1592 919 1615 962 1.

665 1077 725 1140 est,
751 1064 806 1127 sed
834 1074 976 1138 aetatum,
1002 1062 1158 1136 locorum,
1186 1077 1376 1152 temporum,
1404 1066 1617 1154 aliorumque,

663 1185 739 1251 quoe
754 1164 915 1251 sigillatim
932 1163 1059 1240 referre,
1076 1162 1115 1227 ad
1130 1186 1195 1228 rem
1211 1178 1398 1251 praesentem
1411 1189 1473 1230 non
1489 1168 1616 1235 attinet:

663 1289 764 1354 quum
795 1266 900 1331 omnia
928 1289 947 1330 a
977 1279 1101 1330 naturae
1130 1266 1255 1331 officina
1284 1269 1481 1354 proveniant.
1525 1270 1616 1336 Adeo

632 1370 792 1456 squidem
816 1369 935 1434 assidet
962 1369 1088 1455 poetica
1115 1370 1212 1434 rebus
1241 1370 1451 1448 naturalibus,
1479 1384 1516 1437 ut
1546 1395 1614 1437 earn

624 1440 633 1518 l
661 1473 806 1560 plerique
829 1476 1015 1558 negaverint
1035 1472 1252 1558 grammaticae
1275 1471 1409 1558 speciem
1433 1496 1512 1552 esse,
1533 1495 1616 1538 asse·
1681 1553 1685 1559 ἢ

436 1603 489 1676 ff,
660 1589 768 1640 rantes
781 1597 850 1639 eam
866 1597 933 1638 esse
949 1587 1047 1638 artem
1065 1594 1121 1658 per
1142 1596 1186 1647 se,
1202 1595 1259 1637 nec
1278 1573 1380 1658 magis
1401 1572 1441 1637 ad
1457 1596 1615 1658 gramma·

624 1726 630 1769 ,
661 1678 768 1755 ticam,
779 1699 877 1764 quam
893 1675 934 1741 ad
950 1672 1154 1741 Rhetoricam
1168 1676 1343 1760 pertinere:
1368 1674 1491 1740 affinem
1508 1688 1613 1740 tamen

629 1773 633 1798 ⁸
661 1778 803 1865 utrique,
816 1799 853 1842 eo
866 1777 1041 1864 quodcum
1057 1776 1108 1840 his
1120 1775 1235 1840 habeat
1249 1789 1409 1863 praecepta
1425 1776 1613 1843 communia.

660 1880 844 1968 Ringantur
862 1901 957 1965 super
980 1879 1040 1942 hoc
1060 1879 1117 1965 qui
1141 1876 1300 1943 voluerint
1324 1879 1402 1959 (non
1425 1879 1508 1944 enim
1533 1880 1615 1946 hanc

659 1982 817 2068 protendo
837 1979 935 2061 litem)
952 1977 1007 2043 sed
1030 1983 1173 2043 omnium
1195 2002 1283 2065 pace,
1300 1980 1413 2065 opinor
1436 1995 1472 2046 ut
1493 1982 1533 2046 sit
1549 1982 1617 2049 haec

661 2082 703 2146 ad
724 2080 962 2166 grammaticam
984 2078 1161 2162 referenda,
1181 2095 1332 2167 tanquam
1357 2081 1396 2143 ad
1420 2095 1567 2161 matrem,
1582 2099 1616 2153 at

661 2173 810 2271 altricem
832 2181 931 2272 studii
960 2180 1020 2273 sui.
1078 2177 1168 2244 Licet
1198 2193 1307 2244 autem
1343 2194 1457 2245 neutra
1487 2181 1613 2248 illarum

605 2320 606 2323 ¹
660 2268 789 2349 omnino
804 2268 958 2348 naturalis
980 2280 1031 2356 sit,
1047 2294 1079 2345 et
1096 2304 1136 2345 ex
1157 2281 1297 2346 maxima
1313 2296 1404 2367 parte
1424 2283 1614 2349 substantiae

661 2407 730 2451 auoe
751 2385 922 2460 hominem,
945 2383 1004 2469 qui
1023 2404 1077 2446 eas
1094 2381 1225 2458 invenit,
1248 2397 1386 2470 utraque
1408 2384 1519 2450 laudet
1541 2409 1615 2450 auc-

662 2503 774 2567 torem,
790 2502 905 2553 natura
923 2500 1028 2551 tamen
1048 2483 1170 2573 aliquid
1188 2484 1270 2570 juris
1293 2486 1352 2551 sibi
1373 2487 1529 2553 vendicat.
1575 2493 1613 2555 ln

662 2605 799 2680 utraque
813 2591 967 2679 profecto,
981 2601 1038 2654 aut
1054 2589 1209 2676 poeticam
1224 2590 1431 2675 grammatica
1445 2591 1613 2668 obtinebit,

661 2708 718 2761 aut
733 2693 856 2781 poetica
871 2712 1036 2757 enumero
1059 2690 1236 2756 liberalium
1255 2692 1495 2779 disciplinarum
1511 2693 1614 2758 elimi-

660 2795 799 2859 nabitur.

728 2976 875 3061 Cap.18.
907 2975 996 3043 Quid
1019 2976 1110 3055 sequi
1134 2975 1255 3053 doceat,
1283 2977 1418 3058 etquid
1440 2979 1545 3042 vitare

1021 3078 1248 3155 grammatica.

702 3215 886 3279 Tnamrun
915 3208 1046 3295 quidem
1074 3221 1133 3286 est,
1157 3214 1404 3292 grammaticam
1433 3233 1500 3276 ease
1529 3223 1613 3277 recte

659 3315 826 3395 scribendi,
848 3319 994 3396 recteque
1022 3312 1172 3396 mouendi
1195 3315 1369 3377 sumnam.
1424 3314 1522 3378 Recte
1542 3314 1613 3398 qui-

659 3419 732 3483 dem
755 3414 884 3493 dicitur,
905 3426 940 3477 ut
962 3410 1075 3477 virium
1096 3414 1258 3479 excludat.
1283 3427 1320 3479 ut
1344 3413 1461 3479 scilicet
1483 3418 1516 3480 in
1539 3418 1613 3480 scri-

660 3521 765 3586 bendo
784 3529 937 3604 sequatur
956 3516 1231 3602 orthographiam,
1248 3516 1279 3579 in
1302 3516 1474 3604 loquendo,
1488 3519 1565 3582 artis
1580 3530 1612 3582 et

661 3644 738 3686 usus
762 3618 995 3682 auctoritatem.
1042 3618 1081 3680 ln
1111 3640 1150 3680 eo
1178 3630 1285 3680 autem
1311 3619 1550 3706 orthographia,
1577 3621 1611 3685 id

659 3730 717 3797 est,
740 3730 828 3782 recta
850 3717 1009 3802 scriptura
1034 3716 1190 3791 consistit,
1218 3728 1256 3780 ut
1278 3738 1416 3803 quaeque
1440 3717 1531 3782 litera
1553 3743 1612 3783 suo

659 3831 799 3906 ponatur
820 3816 900 3893 loco,
920 3836 979 3878 nec
1005 3814 1137 3880 alterius
1160 3828 1293 3901 usurpet
1316 3819 1454 3880 officium
1477 3830 1534 3883 aut
1556 3818 1611 3883 de-

659 3933 753 3988 serat.
873 3915 906 3979 ui
929 3929 1048 3990 autem,
1071 3933 1119 3980 est
1142 3915 1311 3980 articulata
1332 3929 1363 3982 et
1386 3919 1512 4010 literato
1534 3942 1610 4010 voce

659 4046 753 4089 suum
776 4021 978 4101 interpretarr
1003 4002 1459 4107 ιιιῐὲῙῙῖὸῖἰῖὧζἮῖξυοά
1483 4004 1612 4101 ilicithr,

657 4114 749 4191 ηἳῐιᾱ
759 4112 925 4203 Quaeque
940 4112 1166 4200 hortantum
1180 4116 1332 4182 seimonis
1347 4120 1543 4206 proprietate
1562 4145 1611 4187 re·

658 4223 753 4291 oedit.
797 4223 898 4286 Recte
919 4216 1048 4303 quidem
1069 4217 1170 4304 loqui,
1190 4231 1238 4284 est
1258 4219 1425 4284 soloecismi
1445 4235 1477 4286 et
1498 4222 1612 4288 barba·

659 4326 746 4395 rismi
760 4323 875 4388 vitium
898 4320 929 4385 in
951 4342 1094 4384 sermone
1109 4319 1277 4386 declinare.
1324 4323 1384 4387 Est
1398 4337 1505 4388 autem
1523 4327 1608 4389 Bor·

657 4433 826 4502 hadamar,
851 4425 1023 4504 corruptio
1043 4424 1193 4488 dictionis
1218 4445 1283 4488 non
1309 4426 1467 4504 barbarae,
1489 4430 1527 4494 id
1550 4437 1608 4507 est,

658 4549 734 4612 quae
748 4530 866 4591 Graeca
875 4526 929 4598 ait,
939 4530 999 4586 aut
1008 4523 1143 4588 Lamum
1175 4523 1210 4591 Si
1220 4522 1303 4588 enim
1316 4526 1460 4592 Barbara
1471 4528 1610 4595 dictione
