4242 5767
519 878 561 937 56
780 893 1211 942 Joauurssauasnmuans1s
1347 877 1430 957 [nm.
1447 895 1469 943 1.

520 1041 618 1105 robur
633 1042 792 1122 coalescit,
807 1057 839 1109 et
855 1046 966 1111 crescit
981 1044 1212 1132 multipliciter,
1223 1060 1259 1112 ut
1274 1048 1350 1113 boni
1365 1047 1471 1134 operis

518 1143 661 1208 fructum
676 1144 784 1224 faciat,
800 1146 885 1212 unde
901 1149 975 1212 boni
992 1146 1051 1210 riri
1066 1159 1099 1212 et
1113 1148 1328 1228 nominantur,
1339 1162 1369 1212 et
1387 1163 1471 1212 sunt.

522 1245 597 1309 Sola
618 1259 722 1312 tamen
745 1247 859 1334 gratia,
873 1273 946 1337 quoe
968 1264 1000 1315 et
1022 1251 1104 1315 velle
1125 1252 1254 1331 honum,
1271 1265 1304 1316 ct
1324 1252 1474 1337 perlicere

519 1361 682 1432 operatur,
698 1350 801 1413 virum
817 1350 937 1415 bonum
953 1351 1041 1428 facit,
1056 1363 1089 1414 et
1104 1373 1172 1437 pras
1187 1351 1311 1417 caeteris
1323 1350 1473 1415 omnibus

521 1461 605 1513 recte
625 1449 793 1526 scribendi,
809 1465 841 1516 et
857 1465 941 1517 recte
964 1451 1128 1538 loquendi,
1144 1453 1263 1539 quibus
1285 1452 1396 1518 datum
1413 1465 1472 1530 cst,

521 1549 704 1616 facultatem
731 1553 926 1639 impertitur,
948 1566 1098 1640 artesque
1123 1555 1279 1619 ministrat
1306 1555 1473 1631 uerisset

521 1674 622 1739 quum
645 1675 678 1717 se
703 1651 922 1739 indigentibus
943 1654 1079 1739 benigne
1101 1655 1206 1736 offert,
1227 1655 1385 1721 contemni
1409 1677 1473 1720 non

521 1751 626 1818 debet.
671 1755 706 1820 Si
726 1753 809 1819 enim
832 1755 1055 1829 contemnitur,
1067 1756 1156 1840 juste
1178 1756 1309 1837 recedit,
1323 1777 1383 1821 nec
1402 1779 1475 1820 con-

523 1858 673 1943 temptori
689 1857 881 1944 relinquitur
896 1858 1133 1944 conquestionis
1147 1859 1251 1925 locus.

523 2059 603 2142 Cap.
619 2065 681 2135 24,
693 2059 746 2123 Da
764 2080 828 2123 aea
848 2059 986 2139 legendi,
1001 2067 1032 2122 et
1051 2061 1270 2140 protegendi:
1302 2070 1332 2124 et
1347 2081 1475 2145 coasue7

564 2162 680 2224 tudine
694 2161 859 2224 Bernardi
875 2159 1093 2234 Carrrotensis,
1110 2167 1141 2224 el
1155 2163 1341 2242 sequacium
1357 2163 1439 2242 ejus.
1469 2244 1470 2249 ἵ

566 2277 633 2353 Qu1
662 2299 739 2360 ergo
768 2273 809 2339 ad
835 2274 1070 2362 philosophiam
1097 2277 1228 2364 aspirat,
1253 2277 1476 2363 apprehendat

522 2376 704 2455 lectionem,
730 2378 922 2454 doctrinam,
949 2392 981 2441 et
1004 2378 1257 2456 meditationem,
1282 2401 1355 2442 cum
1385 2401 1474 2442 exer·

523 2479 599 2543 citio
629 2479 703 2544 boni
732 2480 848 2565 operis,
875 2479 1044 2566 nequando
1069 2479 1224 2546 irascatur
1251 2484 1420 2555 Dominus,
1443 2494 1476 2545 et

523 2580 612 2668 quod
653 2581 822 2646 videbatur
862 2580 991 2658 habere,
1032 2583 1198 2647 auferatur
1231 2581 1273 2646 ab
1307 2604 1356 2646 eo.
1414 2581 1477 2646 Sed

523 2684 601 2771 quia
629 2683 755 2770 legendi
785 2683 916 2748 verbum
944 2684 1144 2770 aequivocum
1167 2698 1228 2762 est,
1253 2698 1317 2749 tam
1348 2685 1388 2749 ad
1419 2683 1478 2747 do·

523 2772 624 2854 centis
637 2800 669 2851 et
685 2787 834 2852 discentis
849 2786 1045 2863 exercitium,
1060 2808 1157 2871 quam
1179 2787 1220 2850 ad
1236 2787 1476 2872 occupationem
1529 2805 1541 2832 ·

523 2913 582 2975 per
604 2914 636 2954 se
658 2889 829 2955 scrutantis
851 2891 1046 2973 scripturas;
1071 2888 1227 2963 alterum,
1244 2887 1277 2951 id
1300 2901 1359 2968 est,
1389 2886 1477 2972 quod

524 2993 607 3056 inter
645 2991 806 3057 doctorem
837 3005 871 3055 et
905 2989 1100 3076 discipulum
1136 2989 1388 3055 communicatur
1428 2989 1476 3063 (ut

525 3092 623 3156 verbo
638 3105 766 3156 utamur
783 3090 994 3172 Quintiliani)
1010 3089 1137 3153 dicatur
1151 3088 1324 3175 proelectio,
1339 3089 1477 3155 alterum

525 3193 613 3280 quod
636 3193 677 3257 ad
692 3193 878 3258 scrutinium
901 3190 1085 3255 meditantis
1100 3190 1233 3269 accedit,
1250 3191 1342 3257 lectio
1357 3190 1479 3279 simpli-

526 3298 605 3361 citer
619 3295 812 3384 appelletur.
853 3296 942 3378 Ergo
957 3294 999 3358 ab
1013 3294 1205 3359 auctoritate
1220 3293 1363 3382 ejusdem
1379 3295 1481 3370 Quin·

526 3399 638 3480 titiani,
659 3399 691 3463 in
714 3397 929 3485 praelegendo,
955 3397 1194 3462 Grammaticus
1219 3408 1252 3461 et
1274 3399 1329 3465 illa
1349 3396 1481 3483 quidem

526 3502 648 3570 minora
669 3516 823 3590 praestare
846 3500 987 3580 debebit,
1009 3512 1045 3564 ut
1076 3512 1183 3585 partes
1212 3500 1364 3564 orationis
1389 3497 1481 3563 reddi

526 3604 588 3667 sihi
617 3604 839 3693 ⁸9ll¹l0.,!.91ffl
862 3600 1033 3675 desideret,
1056 3614 1088 3662 et
1111 3599 1229 3694 pedum
1259 3601 1482 3686 proprietates.

527 3727 601 3789 quae
622 3701 740 3767 debent
762 3704 795 3766 in
817 3701 1011 3765 carminibus
1026 3713 1112 3764 notoe
1126 3722 1206 3763 esse.
1252 3700 1482 3787 Deprehendat

528 3826 602 3891 quoe
617 3804 762 3878 barbara,
778 3822 850 3888 quae
865 3801 1050 3887 impropria,
1074 3814 1129 3864 aut
1152 3800 1229 3865 alias
1251 3814 1362 3866 contra
1377 3800 1479 3883 legem

529 3902 679 3990 loquendi
695 3899 880 3985 composita.
926 3901 999 3964 Nou
1016 3911 1120 3962 tamen
1138 3911 1173 3962 ut
1189 3911 1299 3984 poetas
1311 3897 1481 3982 improbet,

528 4006 647 4092 quibus
675 4004 718 4067 ob
748 4001 840 4066 merri
871 4001 1090 4065 necessitatem
1120 3998 1200 4064 adeo
1229 3999 1415 4084 ignoscitur,
1446 4011 1482 4063 ut

528 4108 606 4172 vitia
628 4105 751 4193 ipsein
774 4103 923 4177 carmine,
947 4101 1103 4166 virtutum
1126 4101 1252 4165 nomine
1274 4114 1482 4167 censeantur:

527 4210 653 4276 landem
669 4207 752 4271 enim
774 4205 902 4270 virtutis
926 4203 1113 4290 plerumque
1134 4217 1268 4288 occupat
1288 4202 1484 4268 necessitatis

527 4308 727 4396 improbitas,
755 4306 805 4371 cui
836 4308 902 4369 eine
935 4302 1102 4389 dispendio
1137 4304 1246 4388 negari
1277 4324 1339 4367 non
1378 4315 1483 4387 potest

529 4433 685 4475 assensus.
732 4405 993 4492 Metaplasmum,
1014 4402 1347 4489 schematismumque,
1364 4417 1395 4467 et
1416 4424 1485 4466 ora-

529 4503 1485 4596 turiostropos,multiplicitatemdictionumqnumaffucrint‚
