4242 5767
538 866 577 924 lt
807 883 943 927 scaurus
959 883 1237 930 sanusnaarausrs
1371 868 1453 948 [un.
1470 889 1492 932 1.

594 1098 672 1183 Cap.
689 1100 719 1160 2.
744 1103 925 1182 Descriptio
936 1122 1086 1183 peraonoe
1101 1125 1269 1188 suppresso
1285 1108 1422 1170 nomine.

579 1232 683 1298 lason
713 1256 789 1298 vero
817 1233 949 1319 vulgato
982 1236 1178 1319 designarem
1208 1261 1247 1302 ex
1282 1237 1417 1314 nomine,
1447 1254 1491 1317 et,

533 1348 688 1399 tumorem
707 1335 838 1411 ventris,
854 1349 886 1400 et
901 1339 1035 1411 mentis;
1063 1340 1128 1403 oris
1142 1340 1387 1424 impudicitiam,
1401 1362 1492 1427 rapa-

531 1435 657 1498 citatem
674 1456 840 1511 manuum‚
855 1449 965 1520 gestus
980 1436 1153 1516 levitatem,
1169 1438 1346 1504 foeditatem
1363 1459 1488 1505 morum

531 1537 627 1620 (quoa
652 1548 721 1600 tota
746 1537 861 1600 vicinia
886 1536 1042 1623 despuit,)
1070 1539 1309 1605 obscoenitatem
1337 1537 1491 1620 libidinis,

531 1636 766 1702 deformitatem
786 1639 941 1724 corporis,
964 1640 1196 1726 turpitudinem
1222 1642 1308 1720 ritae,
1329 1640 1489 1707 maculam

531 1736 633 1812 lamae,
657 1738 794 1823 publicis
816 1738 998 1824 aspectibus
1018 1739 1166 1826 ingerens
1187 1740 1403 1820 denudarem
1428 1742 1488 1807 nisi

530 1861 580 1902 me
601 1839 776 1905 Christiani
796 1841 932 1905 nominis
950 1842 1126 1909 reverentia
1145 1842 1318 1908 cohiberet.
1363 1847 1489 1909 Memor

530 1944 614 2004 enim
637 1939 840 2026 professionis
860 1960 951 2016 meae,
966 1955 998 2004 et
1021 1941 1182 2018 fraterna,
1201 1965 1276 2028 quoe
1293 1945 1326 2008 in
1347 1947 1489 2011 Domino

529 2055 589 2118 est,
603 2039 844 2118 communionis,
858 2038 1090 2122 indulgendum
1106 2062 1174 2104 esse
1193 2062 1338 2126 personae
1354 2043 1487 2120 credidi,

529 2141 607 2206 dum
638 2154 742 2205 tamen
772 2161 835 2203 non
864 2138 1073 2224 indulgeatur
1101 2142 1211 2204 errori.
1262 2143 1383 2207 Deiera
1411 2166 1488 2228 ergo

529 2246 611 2320 Deo,
625 2264 758 2330 parcens
778 2253 916 2321 naturae,
930 2264 1004 2326 quae
1018 2241 1060 2306 ab
1080 2242 1151 2327 ipso
1165 2254 1226 2319 est,
1242 2255 1274 2307 et
1294 2245 1486 2330 impugnans

527 2344 656 2422 vitium,
677 2342 764 2427 quod
788 2354 899 2406 contra
920 2339 1025 2427 ipsum
1047 2353 1115 2416 θεῖς
1147 2341 1225 2406 dum
1248 2356 1395 2410 naturam
1417 2369 1486 2410 cor-

527 2447 660 2533 rumpit,
686 2466 782 2531 quam
808 2443 862 2507 ille
882 2442 1057 2528 generavit.
1110 2443 1234 2529 Utique
1259 2466 1318 2530 par
1343 2460 1391 2511 est
1417 2448 1485 2512 sine

527 2545 732 2632 derogatione
746 2565 900 2631 personoe,
912 2542 1100 2608 sententiam
1117 2542 1318 2629 impugnari3
1342 2544 1485 2633 nihilque

527 2648 666 2735 turpius,
687 2669 784 2730 quam
808 2667 910 2732 quum
934 2645 1090 2709 sententia
1112 2644 1270 2730 displicet,
1285 2658 1341 2710 aut
1363 2646 1483 2733 opinio,

527 2752 638 2817 rodere
653 2773 768 2817 nomen
778 2749 933 2815 auctoris:
958 2748 1050 2834 longe
1066 2747 1198 2834 quidem
1212 2749 1482 2835 probabiliusest,

526 2864 564 2916 ut
577 2848 719 2937 opinioni
730 2849 832 2928 falsae,
843 2861 1003 2933 quatenus
1018 2863 1123 2913 tamen
1136 2870 1223 2912 error
1238 2848 1411 2913 tolerabilis
1422 2863 1481 2928 est,

525 2964 675 3039 parcatur
686 2948 846 3015 interdum
860 2962 992 3035 propter
1003 2949 1174 3026 hominem,
1188 2970 1284 3035 quam
1302 2961 1337 3014 ut
1350 2963 1484 3036 propter

523 3052 702 3138 opinionem
719 3050 814 3113 homo
828 3062 990 3135 carpatur.
1035 3047 1171 3134 Singula
1185 3048 1252 3113 suis
1272 3059 1348 3113 sunt
1362 3051 1482 3114 exami-

523 3151 629 3216 nanda
654 3149 789 3227 indiciis,
814 3162 848 3213 et
877 3149 966 3235 paria
995 3147 1117 3213 meritis
1143 3160 1219 3212 sunt
1248 3147 1380 3234 praemia
1406 3171 1481 3213 con·

523 3252 672 3318 ferenda:
695 3251 741 3318 ita
755 3263 872 3328 tamem
884 3266 923 3315 ut
933 3248 1069 3338 rigorem
1083 3243 1295 3315 mansuetudo
1305 3249 1481 3316 clementiae

521 3355 637 3421 vincat.
669 3356 752 3421 Haec
766 3354 877 3440 itaque
887 3350 1164 3436 contemplatione,
1176 3351 1338 3437 suppressi
1354 3352 1479 3438 vulgati

521 3457 658 3522 nominis
672 3468 797 3522 notam:
826 3477 865 3519 ne
879 3477 942 3519 non
957 3467 1022 3519 tam
1038 3453 1153 3518 erroris
1170 3451 1279 3516 videar
1295 3475 1479 3538 procurasse

520 3558 688 3634 medelam,
703 3579 800 3642 quam
821 3556 975 3620 infensam
997 3554 1184 3639 deturpasse
1206 3575 1385 3638 personam.
1430 3556 1477 3620 Ut

520 3671 627 3724 autem
653 3677 764 3720 verum
786 3655 900 3732 fatear,
925 3654 1005 3718 nihil
1030 3669 1079 3717 est
1105 3653 1212 3717 minus
1233 3675 1363 3716 verum:
1399 3656 1478 3739 quia

519 3772 678 3846 quatenus
693 3755 876 3823 Christiano
896 3755 1018 3821 licitum
1039 3765 1099 3831 est,
1116 3775 1279 3840 personam
1303 3767 1336 3819 ct
1355 3768 1479 3820 senteu-

518 3861 595 3926 tiam
621 3881 714 3944 seque
739 3868 914 3923 contemno.
961 3857 1009 3921 Ut
1029 3855 1109 3920 libet
1134 3878 1211 3940 ergo
1232 3853 1287 3919 ille
1308 3868 1422 3921 stertat
1444 3856 1476 3921 in

518 3962 587 4027 dies
621 3958 754 4038 medios,
782 3956 977 4042 quotidianis
1009 3955 1332 4020 conviscerationibus
1365 3956 1475 4042 ingur-

517 4065 638 4150 gitetur
652 4060 693 4126 ad
709 4057 889 4145 crapulam:
913 4069 945 4122 et
960 4057 992 4120 in
1007 4056 1070 4121 illis
1084 4055 1296 4121 immunditiis
1312 4060 1476 4125 volutatus

516 4164 775 4246 incumbat,qure
785 4181 841 4222 nec
851 4180 982 4245 porcum
992 4156 1124 4222 deceant
1135 4156 1279 4244 Epicuri.
1312 4158 1474 4222 Caeterum

516 4269 662 4352 opinioni
695 4261 846 4337 reluctor,
875 4283 953 4347 quae
982 4258 1101 4324 multos
1137 4257 1289 4345 perdidit,
1317 4283 1356 4324 eo
1385 4261 1474 4346 qnod

516 4366 684 4454 populum,
711 4362 768 4449 qui
794 4361 854 4426 sibi
883 4361 1004 4460 qredat,
1030 4360 1144 4425 habet:
1179 4372 1211 4426 et
1238 4359 1314 4425 licet'
1338 4361 1473 4447 antiquo

517 4489 620 4531 novus
635 4464 825 4533 Cornificius
844 4461 982 4548 ineptior
1004 4460 1057 4538 eit,
1072 4461 1100 4525 ei
1125 4475 1231 4528 tamen
1255 4463 1350 4528 turba
1364 4464 1474 4550 insipi-
