4242 5767
520 895 561 952 20
764 907 901 953 ioannis
916 907 1194 954 ssnnsnnarnnsrs
1349 892 1430 971 [ιιιι.
1447 909 1470 954 ι.

518 1059 717 1124 identitatem
729 1071 852 1144 pareret
869 1058 1053 1124 similitudo
1087 1060 1236 1124 Habent
1209 1073 1338 1159 itaque
1349 1061 1468 1161 linguae

518 1159 670 1224 idiomata
700 1181 768 1239 sua,
798 1172 830 1224 et
842 1160 980 1251 singuli
1013 1143 1293 1248 ιυυΠιιιεῃᾶἰ
1326 1148 1469 1253 modum,

520 1284 626 1361 quern,
640 1284 698 1350 qur
719 1247 857 1375 ignorat,
873 1285 935 1326 non
955 1263 1061 1355 magis
1082 1262 1247 1327 commode
1264 1248 1471 1348 Philosophu-

515 1350 619 1452 bitur,
652 1385 748 1446 quarn
783 1362 808 1426 si
846 1362 959 1449 picam,
988 1362 1128 1426 humana
1160 1375 1324 1428 conantem
1361 1363 1469 1440 verba,

515 1413 619 1528 velit
610 1464 729 1528 homini
744 1486 920 1550 coaequare.
967 1464 1031 1528 Alii
1046 1464 1201 1550 profecto,
1216 1465 1332 1530 similes
1348 1469 1469 1540 meisa

519 1567 614 1653 nugis
629 1565 803 1631 curialibus
817 1569 1099 1653 mancipaverunt3
1122 1580 1158 1632 ut
1181 1591 1369 1654 magnorum
1385 1569 1468 1631 viro·

520 1691 592 1733 rum
614 1667 790 1754 patrocinio
819 1667 904 1748 freti,
926 1682 1053 1753 possent
1078 1669 1118 1733 nd
1150 1668 1278 1733 divitias
1306 1669 1468 1754 aspirare:

519 1772 638 1858 quibus
654 1794 686 1834 se
701 1770 865 1846 videbant,
886 1782 918 1834 et
937 1770 1063 1856 judicio
1084 1770 1295 1848 eonscientiae,
1316 1769 1471 1858 quicquid

520 1871 632 1957 lingua
654 1872 842 1947 dissimulet,
865 1871 1050 1937 fatebantur
1072 1873 1228 1959 indignos.
1274 1873 1380 1939 Taceo
1406 1876 1474 1938 vias

519 1973 665 2048 istorum,
688 1974 838 2059 quoniam
862 1997 914 2037 eas
936 1976 1151 2056 Polycraticus
1174 1988 1279 2041 noster
1301 1977 1472 2062 diligenter

518 2075 700 2161 exequitur,
712 2074 771 2138 etsi
783 2097 891 2138 omnes
902 2074 993 2159 plene
1006 2098 1067 2138 non
1081 2076 1216 2140 sufficiat
1228 2076 1394 2161 indagare:
1412 2077 1472 2140 hoc

518 2176 602 2239 enirn
624 2175 706 2238 vires
727 2176 852 2240 excedit
876 2177 1038 2240 humanas.
1086 2177 1153 2240 Alii
1175 2191 1282 2241 autem
1300 2175 1471 2241 Cornificio

518 2277 645 2353 similes,
664 2276 705 2340 ad
726 2276 815 2360 vulgi
839 2276 1059 2363 professiones,
1083 2301 1199 2365 easque
1221 2278 1402 2365 prophanas
1425 2300 1472 2341 re-

518 2378 597 2466 lapsi
614 2393 704 2445 sunt:
729 2401 841 2466 parum
858 2392 1004 2443 curantes
1019 2379 1100 2465 quid
1118 2380 1325 2466 Philosophia
1338 2380 1469 2454 doceat;

519 2479 599 2567 quid
629 2479 857 2567 appetendum,
881 2480 1125 2564 fugiendum-ve
1155 2480 1343 2545 denunciet:
1377 2481 1470 2545 dum-

523 2584 620 2648 modo
632 2606 695 2647 rem
708 2585 854 2664 faciant,
866 2583 895 2646 si
911 2593 1051 2665 poscant,
1066 2593 1157 2663 recte,
1171 2586 1201 2648 si
1214 2607 1275 2647 non
1297 2605 1472 2667 quocunque

518 2688 615 2751 modo.
649 2687 810 2750 Exercent
818 2687 994 2769 funebrem
1011 2686 1188 2772 pecuniam,
1202 2685 1332 2750 alternis
1348 2686 1470 2750 vicibus

520 2787 689 2874 inaequalia
704 2787 928 2860 rotundantes;
949 2801 980 2850 et
996 2785 1172 2873 adjectione
1188 2788 1368 2872 multiplici,
1384 2787 1471 2871 qnod

521 2889 782 2963 rotundaverant,
808 2887 1023 2973 aboequantes.
1070 2887 1158 2951 Nihil
1185 2889 1271 2950 enim
1304 2887 1469 2951 sordidum

519 3003 647 3076 putant,
671 2989 749 3053 nihil
771 2989 917 3065 stultum,
940 2989 1000 3052 nisi
1022 2989 1220 3075 paupertatis
1239 2989 1414 3075 angustias,
1437 3000 1471 3052 at

521 3094 603 3157 solas
628 3116 705 3179 opes
731 3092 854 3156 ducunt
879 3114 947 3155 esse
973 3091 1115 3155 fructum
1146 3091 1320 3176 sapientire.
1366 3091 1472 3177 Siqui-

520 3194 593 3258 dem
608 3193 731 3257 celebre
745 3206 793 3256 est
807 3193 839 3256 in
852 3191 947 3255 corde
961 3212 1084 3270 eornm,
1093 3191 1181 3276 qnod
1197 3190 1241 3255 ait
1252 3191 1399 3272 Ethicus,
1411 3191 1471 3257 etsi

521 3295 581 3359 hoc
595 3318 680 3373 eum,
695 3295 773 3381 qnia
787 3294 1011 3373 contemnitur,
1026 3292 1145 3357 dixisse
1159 3315 1222 3357 non
1239 3293 1404 3358 noverint:

626 3412 663 3464 Et
674 3429 766 3480 genus,
779 3417 805 3464 et
817 3409 935 3475 formam,
946 3411 1039 3479 regina
1049 3411 1161 3482 pecnnia
1173 3413 1262 3477 donat,

625 3499 662 3551 Et
672 3499 739 3551 bene
751 3504 913 3550 nummatum
925 3497 1030 3549 decorat
1042 3495 1166 3560 Suadela,
1179 3496 1335 3566 Venusque:

523 3604 598 3665 Hoc
619 3615 724 3665 autem
748 3599 840 3684 quasi
861 3598 1042 3710 quadrivio,
1066 3599 1126 3662 sibi
1150 3600 1263 3685 utique
1286 3603 1472 3677 necessario,

521 3700 693 3765 evadebant
708 3700 759 3760 illi
710 3697 933 3795 repentini
937 3696 1144 3796 Philosophi,
1155 3707 1188 3760 et
1202 3717 1274 3762 curn
1289 3698 1470 3778 Cornificio,

522 3824 584 3865 non
619 3799 714 3864 modo
741 3798 825 3862 trivii
854 3798 967 3875 nostri,
990 3792 1060 3861 sed
1079 3798 1180 3863 totius
1207 3798 1365 3885 quadrivii
1399 3823 1472 3866 con-

523 3915 705 3989 temptores.
749 3903 846 3978 Nam,
865 3910 902 3962 ut
923 3898 1045 3963 dictum
1069 3912 1129 3976 est,
1150 3914 1208 3965 ant
1230 3902 1291 3966 sub
1310 3914 1470 3987 proetextu

523 4002 683 4088 religionis
703 3999 953 4085 mergebantur'
946 4021 978 4062 sn
998 3998 1156 4077 claustris,
1171 4012 1239 4077 aut,
1253 4003 1314 4067 sub
1335 4003 1472 4089 imagine

523 4101 780 4193 philosophandi,
796 4116 828 4166 et
843 4101 993 4166 utilitatis
1015 4100 1165 4187 publicae,
1180 4101 1407 4189 confugiebant
1430 4104 1471 4167 ad

523 4206 698 4294 physicam,
720 4216 777 4268 aut
803 4203 864 4268 sub
891 4202 1062 4267 honestatis
1087 4203 1252 4282 velamine,
1278 4228 1344 4290 quo
1370 4204 1473 4292 splen-

524 4310 648 4387 derent,
666 4319 698 4371 et
724 4305 982 4380 sublimarentur,
1005 4328 1040 4370 se
1065 4305 1227 4392 proeclaris
1251 4305 1401 4370 domibus
1426 4307 1474 4371 in-

524 4411 693 4498 gerebant;
717 4423 773 4473 aut
788 4408 849 4473 sub
867 4408 1001 4472 obtentu
1021 4410 1225 4488 necessitatis,
1240 4409 1473 4497 exercendique

525 4513 629 4591 officii,
659 4513 736 4577 dum
767 4513 892 4577 lucrum
922 4510 1082 4587 sitiebant,
1113 4511 1299 4599 multiplicis
1330 4514 1473 4578 avaritias
