4242 5767
345 793 354 809 .
454 756 497 816 66
723 768 859 814 soauurs
875 767 1155 815 sasssanarsusrs
1274 755 1358 831 [arn.
1375 772 1412 818 11.

455 916 1410 1006 alethio,uecsterilem,reputavitantiquitas,sedegregiam

455 1021 526 1107 ejus
540 1017 692 1096 sobolem,
705 1016 802 1084 castis
818 1020 972 1084 Mercurii
987 1019 1100 1103 junxit
1116 1021 1333 1105 amplexibus:
1361 1036 1410 1088 est

457 1119 540 1189 enim
558 1142 648 1185 soror
663 1119 804 1185 veritatis
818 1120 1002 1206 prudentia,
1016 1135 1050 1186 et
1066 1144 1203 1186 amorem
1221 1124 1362 1199 rationis,
1377 1135 1411 1186 et

458 1222 606 1299 scientiae,
621 1244 680 1308 per
694 1223 907 1308 eloquentiam
925 1222 1103 1297 foecundat,
1119 1236 1150 1288 et
1166 1223 1316 1288 illustrat.
1363 1224 1411 1286 Si-

458 1325 588 1412 quidem
609 1324 669 1388 boc
685 1337 732 1388 est
752 1324 957 1410 philologiam
979 1324 1143 1389 Mercurio
1159 1324 1319 1411 copulari:
1350 1347 1410 1410 pro

455 1450 494 1492 eo
508 1449 646 1511 namque
670 1425 792 1510 chica
813 1426 901 1491 dicta
919 1439 977 1500 est,
995 1425 1084 1510 quod
1107 1426 1280 1502 rationalis,
1296 1425 1330 1490 id
1350 1438 1410 1502 est,

456 1531 618 1596 rationum
641 1527 868 1592 ministratoria
889 1515 923 1592 et
945 1526 1157 1592 examinatrix
1180 1541 1238 1592 est.
1289 1524 1410 1591 Divisit

455 1654 523 1699 eam
548 1630 643 1696 Plato
664 1631 697 1693 in
721 1628 928 1703 dialecticam,
950 1642 982 1692 et
1013 1627 1234 1693 Rhetoricam:
1270 1628 1325 1693 sed
1351 1628 1409 1714 qui

456 1729 625 1798 efficaciam
647 1732 717 1816 ejus
736 1729 832 1794 altius
854 1731 1044 1810 metiuntur,
1058 1729 1087 1793 ei
1103 1731 1197 1815 plura
1217 1731 1411 1795 attribuunt.

457 1832 623 1919 Siquidem
646 1832 676 1894 ei
697 1831 958 1905 demonstrativa,
979 1831 1163 1915 probabilis,
1184 1849 1217 1894 et
1235 1831 1411 1918 sophistica

456 1932 685 2018 subjiciuntur,
696 1929 844 1994 videlicet
854 1931 1106 1996 demonstrativa
1121 1954 1141 1994 a
1155 1930 1410 2015 disciplinalibus

455 2033 543 2118 viget
553 2033 768 2120 principiis,et
777 2031 818 2094 ad
826 2055 937 2097 eorum
946 2033 1177 2118 consequutiva
1187 2031 1408 2117 progreditur:

456 2136 641 2202 necessitate
656 2133 795 2219 gaudet3
822 2146 852 2198 et
869 2132 949 2219 quid
964 2134 1016 2198 cui
1038 2133 1198 2214 videatur,
1211 2132 1289 2197 dum
1305 2148 1409 2203 tamen

455 2237 502 2301 ita
524 2258 591 2299 esse
612 2246 770 2320 oporteat,
791 2257 853 2299 non
875 2235 1013 2300 multum
1033 2234 1181 2299 attendit.
1226 2238 1328 2299 Decet
1349 2234 1409 2298 boc

455 2336 710 2423 Pbilosopbicam
727 2351 810 2400 recte
825 2337 1007 2401 docentium
1025 2338 1234 2423 majestatem,
1250 2359 1328 2423 quae
1340 2359 1409 2416 suo,

455 2436 535 2501 citra
554 2433 738 2502 auditorum
760 2459 934 2515 assensum,
951 2437 1122 2501 roboratur
1143 2437 1285 2502 arbitrio.
1332 2439 1410 2500 Pro·

454 2535 569 2602 babilis
582 2550 690 2602 autem
706 2546 849 2600 versatur
863 2537 896 2599 in
913 2535 973 2614 bis,
988 2558 1064 2621 quoe
1083 2536 1236 2601 videntur
1250 2537 1409 2615 omnibus,

455 2654 513 2703 aut
536 2637 694 2722 pluribus,
715 2649 772 2701 aut
796 2635 1011 2720 sapientibus:
1042 2650 1074 2701 et
1097 2637 1157 2712 bis,
1177 2638 1227 2701 vel
1249 2639 1407 2714 omuibus,

455 2737 506 2801 vel
530 2737 688 2822 pluribus,
709 2736 758 2799 vel
779 2737 916 2800 maxime
938 2736 1032 2812 notis,
1048 2751 1080 2800 et
1100 2737 1331 2821 probabilibus,
1351 2751 1408 2802 aut

452 2836 662 2901 consecutivis
690 2859 811 2902 eorum.
857 2837 938 2900 Haec
969 2837 1099 2923 quidem
1128 2837 1347 2914 Dialecticam,
1374 2852 1406 2902 et

454 2937 671 3013 Rhetoricam,
687 2938 847 3004 continet:
872 2941 1020 3022 quoniam
1033 2938 1230 3016 dialecticus,
1239 2951 1271 3002 et
1288 2953 1407 3016 orator,

455 3036 645 3125 persuadere
658 3034 807 3112 nitentem
830 3037 911 3101 alter
921 3037 1114 3116 adversario,
1126 3037 1207 3102 alter
1217 3037 1331 3123 judici,
1344 3059 1407 3102 non

454 3136 593 3202 multum
610 3137 727 3201 referre
747 3136 955 3217 arbitrantur,
971 3159 1054 3212 rera,
1070 3160 1111 3200 an
1132 3137 1213 3202 salsa
1228 3138 1291 3202 sint
1310 3160 1407 3224 argu·

454 3249 563 3301 menta
582 3259 704 3312 eorum,
726 3236 903 3300 dummodo
922 3236 987 3301 veri
1008 3236 1247 3303 similitudinem
1270 3251 1406 3303 teneant.

454 3340 502 3402 At
517 3337 699 3424 sophistica,
709 3361 784 3424 quae
794 3359 962 3423 apparens,
973 3348 1005 3400 et
1017 3359 1079 3400 non
1091 3339 1240 3402 assistens
1252 3339 1407 3424 sapientia

453 3450 513 3512 est,
525 3436 771 3522 probabilitatis,
786 3449 844 3499 aut
859 3433 1065 3510 necessitatis,
1076 3437 1204 3500 affectat
1218 3438 1405 3521 imaginem:

454 3556 568 3619 parum
583 3557 699 3597 curans
713 3533 794 3617 quid
809 3535 849 3596 sit
864 3535 923 3596 boc
934 3541 992 3595 aut
1005 3531 1101 3609 illud,
1110 3534 1187 3597 dum
1200 3534 1407 3617 phantasticis

453 3631 647 3717 imaginibus
661 3646 694 3696 et
716 3631 803 3696 velut
821 3631 943 3695 umbris
962 3629 1140 3708 fallacibus,
1157 3631 1297 3696 involvat
1319 3657 1404 3711 eum,

452 3753 524 3796 cum
556 3753 623 3816 quo
650 3749 754 3794 sermo
781 3729 967 3794 conseritur.
1013 3729 1173 3806 Profecto,
1198 3750 1308 3814 quam,
1339 3754 1406 3816 prae

453 3832 587 3907 caeteris,
602 3852 711 3894 omnes
725 3829 884 3907 ambiunt,
898 3829 954 3894 sed
969 3829 1075 3915 pauci,
1090 3853 1160 3894 meo
1172 3827 1308 3916 judicio,
1323 3853 1405 3896 asse·

451 3946 610 4023 quantur,
623 3930 799 3998 Dialectica
812 3945 872 4012 est,
882 3954 958 4018 quoe
970 3951 1028 3994 nec
1038 3930 1079 3995 ad
1092 3931 1273 3996 ducentium
1285 3935 1405 4019 aspirat

450 4036 656 4123 gravitatem,
671 4055 727 4099 nec
743 4033 840 4098 undis
858 4033 1006 4098 civilibus
1020 4031 1187 4119 mergitur,
1203 4055 1260 4096 nec
1282 4032 1404 4099 seducit

449 4137 594 4217 fallaciis,
606 4134 662 4202 sed
678 4147 825 4224 prompta
840 4148 872 4201 et
888 4132 1038 4202 mediocri
1053 4134 1277 4220 probabilitate
1291 4157 1403 4200 verum

452 4240 621 4307 examinat.
