4242 5767
925 957 1062 1004 maurus
1079 958 1354 1008 saansaanrnusrs
1491 947 1574 1027 [tin.
1591 968 1614 1014 1

526 1108 1617 1249 lfflmm.fflwmmmmmmmwm·

526 1187 886 1286 ‘stdbrrr‘nffirihil
906 1212 1019 1277 utilius
1036 1226 1096 1290 est,
1112 1237 1208 1301 quam
1236 1214 1276 1290 ei,
1292 1216 1380 1301 quod
1399 1215 1466 1281 fieri
1486 1242 1526 1282 ex
1545 1231 1614 1284 arte

662 1326 802 1399 oportet,
815 1335 1004 1390 assuescere,
1016 1338 1138 1402 prosas,
1152 1329 1183 1381 et
1200 1331 1348 1403 poemata
1363 1318 1506 1403 quotidie
1516 1320 1615 1407 scrip·

662 1415 812 1492 titabant,
827 1429 859 1480 et
878 1439 912 1479 se
933 1418 1056 1482 mutuis
1081 1418 1270 1483 exercebant
1292 1417 1525 1499 collationibus,
1547 1443 1615 1505 quo

662 1514 1614 1605 wfflmemfflmmmdwffisffldwmmmmmffl

660 1614 842 1732 expeditius
853 1617 892 1681 ad
906 1617 1080 1696 scientiam,
1089 1634 1120 1685 et
1129 1621 1305 1707 plurimum
1317 1621 1440 1684 confert
1453 1619 1612 1697 advitam,

661 1717 687 1780 si
702 1725 807 1781 tamen
822 1717 904 1781 hanc
919 1718 1125 1784 sedulitatem
1140 1719 1359 1804 regitcaritas,
1376 1742 1402 1784 ιι
1418 1719 1449 1783 ἰιι
1464 1719 1612 1806 profectu

661 1818 801 1884 literario
824 1833 969 1884 serretur
991 1820 1168 1885 humilitas.
1213 1824 1286 1886 Νοιι
1304 1829 1352 1886 eat
1365 1825 1449 1915 enim
1472 1824 1613 1909 ejusdem

659 1924 808 2019 hominia,
838 1922 940 1987 literis
967 1934 999 1988 et
1023 1924 1208 1989 carnalibus
1234 1896 1323 1989 vittis
1351 1924 1515 1988 inseruire
1560 1924 1612 1989 Ad

659 2001 759 2108 hujus
777 2013 919 2107 magistri
947 2008 1084 2088 formam
1113 2035 1323 2110 praeceptores
1353 2027 1413 2089 mei
1444 2026 1475 2089 in
1505 2047 1612 2112 gram·

660 2126 787 2198 matina,
810 2126 990 2191 Gulielmus
1010 2128 1048 2190 de
1072 2129 1222 2202 Coactis,
1248 2139 1280 2190 et
1302 2127 1473 2211 Blandus,
1497 2149 1612 2212 cogno-

659 2240 767 2291 mento
796 2217 991 2312 Episcopus,
1015 2224 1119 2289 officio
1142 2249 1225 2290 nunc
1249 2226 1503 2291 Archidiaconus
1527 2229 1612 2293 Con-

659 2327 850 2403 stantiensis,
881 2329 948 2391 rita
982 2339 1014 2391 et
1043 2327 1281 2391 conversatione
1312 2327 1360 2391 vir
1389 2327 1502 2402 bonus,
1534 2351 1610 2394 suos

657 2427 830 2516 discipulos
839 2427 1295 2514 aliquandiuinlormaverunt.
1318 2425 1379 2491 Sed
1391 2429 1610 2515 postmodum,

657 2553 698 2596 ex
713 2555 780 2618 quo
794 2531 901 2619 opinio
921 2531 1047 2596 veritati
1068 2553 1144 2617 praej
1136 2529 1289 2595 udicium
1311 2528 1398 2608 lecit,
1413 2541 1446 2594 et
1467 2531 1610 2596 homines

656 2634 770 2715 siden,
778 2657 946 2721 quamesse
956 2633 1138 2722 philosophi
1147 2632 1341 2708 maluerunt,
1351 2633 1610 2725 professoresque

655 2736 786 2821 artium,
802 2761 835 2802 se
847 2749 946 2802 totam
959 2735 1191 2823 philosophiam
1204 2736 1343 2812 brevius,
1355 2758 1449 2822 quam
1461 2730 1608 2813 triennio,

654 2855 711 2906 aut
734 2838 871 2915 biennio,
894 2838 1111 2904 transfusuros
1132 2837 1336 2903 auditoribus
1358 2837 1605 2924 pollicebantur,

653 2941 776 3027 impetu
788 2938 1025 3004 multitudinis
1016 2938 1175 3022 imperitae
1185 2940 1270 3012 victi,
1281 2950 1452 3001 cesserunt.
1475 2935 1607 3001 Exinde

653 3055 772 3117 auteur,
788 3041 894 3104 minus
915 3039 1079 3125 temporis,
1094 3050 1126 3101 et
1142 3037 1327 3121 diligentia,
1342 3036 1374 3100 in
1389 3040 1607 3121 grammaticae

652 3143 763 3209 studio
777 3143 955 3228 impensum
971 3153 1030 3203 est.
1054 3141 1110 3204 Ex
1124 3162 1192 3225 quo
1206 3139 1353 3223 contigit,
1370 3151 1407 3202 ut
1423 3138 1480 3223 qui
1497 3159 1607 3204 omnes

650 3257 848 3348 Qlam.
866 3242 1014 3337 liberales
1035 3261 1131 3326 quam
1163 3239 1370 3313 mechanicas,
1402 3239 1605 3324 profitentur,

650 3371 710 3412 nec
723 3345 856 3434 primam
878 3337 1043 3408 noverint:
1067 3340 1134 3406 sine
1148 3338 1361 3429 qiiiulrustra
1382 3341 1456 3426 quis
1476 3363 1606 3427 progre-

650 3442 1605 3533 &mmmmm.fimmmmhmfflmm

650 3550 846 3616 literaturam
853 3544 1042 3638 proficiant,
1057 3547 1126 3611 haec
1142 3560 1246 3610 tamen
1268 3544 1436 3630 privilegio
1452 3542 1605 3629 singulari

650 3624 1602 3731 mefflfflmm.ffiwmfflmmm

650 3754 860 3823 literaturam,
890 3752 994 3812 Varro
1028 3769 1104 3810 vero
1133 3745 1343 3810 literationem
1373 3743 1534 3830 appellat.
1570 3758 1602 3809 et

649 3851 808 3940 professor
822 3849 904 3935 ejus,
926 3849 992 3911 sire
1007 3861 1154 3922 assertor,
1175 3845 1295 3909 dicitur
1309 3843 1465 3907 literatus.
1510 3845 1604 3908 Anti-

648 3950 760 4040 quitus
776 3964 881 4015 tamen
899 3948 1075 4014 vocabatur
1090 3947 1233 4011 literator
1249 3947 1350 4030 juxta
1363 3943 1445 4008 illud
1462 3943 1600 4018 Catulli,

649 4061 768 4124 Munus
786 4055 840 4116 dat
858 4052 917 4115 tibi
928 4053 1020 4137 Sylla
1042 4053 1196 4115 litaretur.
1241 4046 1338 4112 Unde
1354 4043 1518 4130 probabile
1539 4057 1601 4120 est,

649 4156 736 4247 quod
762 4166 961 4240 contemptor
986 4149 1211 4238 grammaticae,
1240 4169 1303 4211 non
1333 4145 1429 4211 modo
1459 4144 1601 4208 literator

648 4271 785 4337 nonest,
801 4256 854 4322 sed
872 4278 928 4320 nec
944 4255 1091 4320 literatus
1104 4251 1167 4315 dici
1183 4249 1291 4314 debet.
