4242 5767
755 881 818 939 242
1019 889 1447 935 roanxrsssnrsunrusums

755 1044 825 1106 Hos
840 1041 912 1104 libri
927 1041 1119 1126 impediunt,
1135 1040 1206 1104 illos
1221 1040 1413 1103 documenta
1428 1040 1582 1125 priorum,
1690 1044 1694 1051 '

838 1142 1090 1226 Successumque
1106 1153 1213 1205 vetant
1230 1163 1364 1225 magnus
1379 1141 1495 1204 habore
1510 1141 1610 1205 labor.

752 1245 907 1329 Disputat
921 1244 1045 1326 ignare,
1059 1241 1117 1327 qui
1133 1242 1251 1325 scripta
1267 1241 1399 1304 revolvit
1415 1253 1447 1303 et
1462 1254 1561 1312 artes3

838 1349 922 1410 Nam
939 1357 1080 1411 veterum
1098 1343 1206 1406 fautor
1222 1342 1342 1426 logicus
1357 1364 1423 1404 esse
1439 1341 1561 1425 nequit.

751 1449 1009 1532 Disceptaturus,
1025 1444 1082 1530 qui
1098 1444 1249 1526 dogmata
1265 1446 1368 1527 prisca
1382 1457 1547 1528 sequetur,
1660 1445 1702 1507 9³

840 1550 878 1612 ln
895 1546 1153 1612 Patriarcharum
1170 1533 1274 1607 bobus
1288 1544 1454 1608 habendus
1468 1544 1538 1609 erit.

751 1649 833 1711 Nam
851 1669 916 1731 quo
932 1644 1025 1729 plura
1040 1643 1136 1727 leges,
1153 1656 1272 1704 restant
1289 1642 1347 1705 tibi
1364 1641 1456 1726 plura
1473 1641 1615 1726 legenda,

837 1750 881 1811 Et
897 1769 963 1832 quo
978 1744 1072 1830 plura
1086 1744 1211 1817 docent,
1227 1743 1321 1828 plura
1335 1743 1479 1808 docenda
1493 1743 1617 1807 docent.

750 1853 856 1915 Pauca
872 1849 968 1932 legas,
985 1861 1021 1911 ut
1038 1845 1139 1909 mults
1154 1845 1244 1920 scias,
1262 1845 1319 1908 tibi
1337 1848 1494 1908 maximus
1509 1859 1620 1910 auctor

838 1947 982 2027 Quilibet
995 1960 1153 2026 occurrat,
1170 1948 1214 2011 sic
1230 1947 1271 2011 sit
1287 1947 1317 2009 in
1334 1970 1387 2010 ore
1405 1961 1472 2024 tuo,
1643 1950 1701 2010 100

751 2051 798 2114 Ut
814 2049 971 2134 quicquid
986 2048 1085 2124 dices,
1101 2061 1213 2113 auctor
1228 2047 1346 2111 dixisse
1362 2061 1506 2132 putetur,

837 2155 882 2215 Et
898 2173 986 2215 mens
1002 2150 1087 2213 illius
1102 2150 1234 2235 spiritus
1248 2173 1315 2216 esse
1331 2163 1416 2215 tuus.

751 2253 823 2314 Non
840 2252 935 2316 modo
950 2250 1100 2327 credaris,
1116 2253 1202 2336 quod
1219 2252 1355 2337 scripsit,
1372 2272 1472 2329 nosse,
1488 2253 1543 2315 sed
1558 2272 1662 2328 omne,

836 2351 929 2430 Quod
947 2349 1060 2426 voluit,
1073 2352 1175 2436 jactes
1189 2352 1345 2437 dogmatis
1359 2374 1425 2415 esse
1441 2352 1506 2424 tui;

750 2453 843 2531 Quod
860 2454 998 2540 scripsit,
1014 2475 1071 2516 seu
1087 2453 1174 2539 quod
1191 2455 1302 2528 tacuit,
1318 2463 1349 2516 te
1364 2474 1456 2538 posse
1470 2452 1582 2515 docere
1640 2459 1698 2515 105

835 2554 1023 2630 Promittas3
1047 2552 1163 2618 falsum
1180 2555 1285 2618 dicere
1300 2574 1393 2617 nemo
1408 2565 1504 2618 vetat.

749 2658 831 2720 Nam
847 2665 1039 2742 queruntur
1050 2679 1127 2741 opes
1142 2670 1172 2720 et
1187 2670 1309 2720 constat
1325 2655 1427 2739 gloria
1441 2657 1532 2728 falso,

835 2757 1065 2840 veridicosque
1081 2753 1156 2818 facit
1173 2756 1276 2819 dicere
1290 2779 1391 2838 pauca
1406 2755 1541 2838 pudor.’'

748 2862 829 2922 Haec
846 2858 901 2920 ubi
916 2859 1074 2940 persuasit
1089 2854 1158 2916 aliis
1173 2876 1260 2915 error
1275 2854 1420 2936 puerilis:

833 2959 881 3020 Ut
891 2955 1021 3040 juvenis
1036 2952 1138 3016 discat
1154 2951 1305 3038 plurima,
1321 2974 1423 3036 panca
1438 2952 1534 3037 legat,
1641 2965 1697 3021 110

747 3056 875 3119 Laudat
893 3053 1098 3117 Aristotelem
1115 3055 1229 3127 solum,
1246 3053 1367 3136 spernit
1384 3053 1578 3131 Ciceronem,

831 3158 876 3220 Et
892 3153 1048 3241 quicquid
1066 3153 1170 3221 Latiis
1186 3153 1313 3218 Groecia
1327 3167 1420 3240 capta
1436 3156 1536 3232 dedit,

745 3258 903 3343 Conspuit
918 3256 950 3319 io
967 3255 1061 3339 leges,
1079 3254 1200 3320 vilescit
1216 3255 1358 3342 physica,
1374 3258 1498 3342 quaevis

830 3359 935 3423 Litera
950 3356 1114 3434 sordescit,
1131 3356 1230 3442 logica
1245 3357 1311 3421 sola
1326 3356 1439 3443 placet.

743 3463 815 3527 Non
833 3476 937 3526 tamen
954 3460 1014 3524 ista
1028 3459 1143 3544 placet,
1161 3472 1196 3523 ut
1212 3482 1280 3522 eam
1297 3460 1371 3544 quis
1386 3460 1464 3524 scire
1479 3462 1612 3537 laboret,
1635 3469 1693 3526 115

829 3563 862 3624 Si
877 3564 952 3646 quis
966 3559 1116 3623 credatur
1131 3558 1265 3642 logicus,
1282 3559 1342 3623 hoc
1357 3560 1432 3623 satis
1447 3574 1504 3624 est.

744 3662 887 3726 lusanire
901 3673 995 3747 putes
1009 3663 1119 3746 potius
1134 3683 1231 3746 quam
1248 3660 1475 3746 philosophari,

830 3761 918 3824 Seria
932 3773 1006 3823 sunt
1022 3761 1138 3824 etenim
1155 3773 1271 3825 cuncta
1286 3763 1418 3826 molesta
1433 3763 1537 3840 nimis,

742 3863 939 3928 Dulcescunt
955 3882 1062 3945 nugae,
1078 3862 1206 3927 vultum
1222 3862 1373 3949 sapientis
1387 3865 1570 3942 abhorrent,
1646 3907 1654 3922 ·

825 3963 989 4026 Tormenti
1005 3983 1108 4046 genus
1123 3976 1170 4028 est
1186 3986 1269 4050 saepe
1284 3965 1393 4029 videre
1408 3968 1536 4032 librum.
1635 3974 1692 4030 120

1078 4065 1131 4128 De
1145 4067 1357 4131 Sertorianis.

741 4165 910 4231 Ablactans
927 4161 1057 4227 nimium
1074 4177 1198 4229 teneros
1214 4168 1374 4232 Sertorius
1388 4168 1461 4232 olim

825 4263 1008 4350 Discipulos
1021 4265 1125 4330 fertur
1140 4266 1184 4331 sic
1199 4265 1345 4332 docuisse
1361 4291 1451 4341 suos;

737 4369 859 4433 Doctor
872 4368 954 4430 enim
967 4367 1124 4452 juvenum
1138 4373 1247 4453 pretio
1261 4368 1445 4453 compulsus
1459 4384 1490 4433 et
1507 4393 1568 4432 tere

823 4473 887 4533 Pro
902 4488 1017 4551 magno
1031 4466 1141 4531 docuit
1158 4489 1287 4533 munere
1303 4468 1380 4532 scire
1396 4468 1485 4532 nihil.
