4242 5767
638 903 680 960 54
896 911 1034 957 roannrs
1048 907 1329 954 sanasnnarnssrs
1469 888 1550 970 [rra.
1569 907 1590 950 r.

677 1146 757 1231 cap.
773 1152 824 1209 22.
850 1146 944 1220 Quod
957 1146 1151 1208 auctor-itate
1165 1145 1299 1209 Senecae
1308 1133 1408 1206 'auum
1423 1147 1559 1204 tueatur

1043 1267 1188 1310 errarem.

685 1381 812 1443 Mauso
842 1391 948 1442 tamen
984 1397 1018 1439 se
1048 1378 1238 1444 Cornificius
1269 1391 1378 1442 tuetur
1407 1374 1531 1461 judice,
1561 1386 1593 1437 et

643 1479 757 1543 erroris
779 1479 828 1542 sui
852 1483 1004 1544 Senecam
1027 1478 1138 1544 laudat
1160 1494 1332 1544 auctorem.
1378 1481 1443 1556 Qui
1464 1477 1593 1563 quidem

644 1582 772 1647 duabus
793 1580 834 1644 de
855 1581 969 1659 causis,
991 1583 1105 1646 merito
1130 1606 1149 1646 a
1170 1581 1320 1669 pluribus
1344 1579 1595 1645 commendatur.

644 1683 772 1749 Multus
783 1682 865 1746 enim
876 1684 965 1748 estin
977 1683 1072 1748 laude
1085 1684 1223 1762 virtutis,
1232 1705 1422 1768 morumque
1433 1681 1593 1751 doctrinan

645 1800 678 1852 et
693 1787 880 1851 commatico
899 1810 1014 1872 genere
1033 1787 1162 1852 dicendi
1185 1799 1279 1851 utens
1299 1785 1386 1871 quod
1409 1783 1549 1848 breviter
1563 1795 1595 1846 et

646 1888 815 1963 succincte,
831 1886 1003 1952 sententias
1022 1887 1155 1973 colligit,
1170 1900 1283 1952 onratu
1305 1885 1474 1951 verborum
1494 1881 1598 1969 splen-

646 1989 720 2054 det:
753 2002 789 2053 ut
812 1988 857 2054 eis
879 1989 1044 2075 displicere
1068 2013 1128 2054 non
1152 1989 1263 2076 possit,
1285 1988 1340 2074 qui
1363 2001 1420 2052 aut
1442 1987 1595 2051 virtutem

645 2103 764 2171 amant,
788 2103 845 2155 aut
868 2091 1093 2178 eloquentiam.
1140 2093 1221 2155 Nam
1246 2105 1282 2155 ut
1305 2110 1384 2176 pace
1409 2089 1598 2167 Quintiliani

645 2192 838 2278 loquar(qui
856 2191 900 2256 sic
915 2193 1052 2256 bominis
1067 2192 1228 2277 ingenium
1246 2191 1367 2270 laudat,
1383 2203 1419 2255 ut
1434 2189 1594 2275 judicium

647 2293 765 2381 culpet,
794 2294 938 2379 dicitque
967 2317 1039 2358 eum
1066 2295 1216 2360 dulcibus
1246 2292 1332 2358 vitiis
1357 2291 1546 2366 abundasse,
1564 2303 1596 2354 et

647 2393 748 2478 magis
758 2393 913 2480 placuisse
922 2395 1030 2480 pueris
1040 2419 1134 2481 quam
1145 2395 1291 2472 eruditis,
1300 2407 1330 2458 et
1342 2415 1480 2457 summas
1490 2413 1596 2455 rerum

647 2493 868 2558 minutissimis
891 2493 1055 2558 sententiis
1080 2495 1236 2579 frangere,
1259 2493 1344 2558 unde
1369 2492 1441 2557 libri
1463 2494 1535 2579 ejus
1556 2491 1597 2554 ab

648 2615 714 2658 nuo
739 2595 966 2681 imperatorum
996 2595 1149 2682 appellati
1176 2609 1262 2675 sunt,
1287 2617 1382 2659 arena
1410 2597 1476 2659 sine
1502 2592 1596 2673 calce)

648 2694 758 2760 nullus
782 2697 865 2760 inter
893 2696 1029 2781 gentiles
1057 2697 1182 2762 ethicus
1209 2696 1383 2773 invenitur,
1410 2709 1466 2760 aut
1496 2716 1598 2769 rarus,

648 2800 743 2884 eujus
761 2799 875 2874 verbis,
892 2816 949 2864 ant
967 2798 1141 2874 sententiis,
1157 2799 1188 2862 in
1209 2800 1293 2862 omni
1315 2797 1442 2882 negotio
1463 2817 1599 2860 commo-

650 2898 724 2962 dius
739 2900 787 2963 uti
800 2901 909 2984 possis.
940 2899 989 2963 Ad
1000 2898 1105 2964 omnia
1116 2900 1211 2976 enim,
1223 2922 1317 2963 suum
1329 2898 1452 2985 aliquid
1465 2898 1597 2963 confert.

651 2999 756 3065 Sentit
779 3000 842 3076 bic,
866 3000 954 3087 quod
980 2998 1157 3087 disciplinas
1183 3000 1329 3065 liberales
1351 3001 1454 3065 virum
1478 3003 1598 3066 bonurn

652 3124 713 3166 nou
729 3103 860 3169 faciunt.
895 3105 969 3188 Ego
983 3105 1012 3167 ei
1027 3104 1206 3169 armentia:
1231 3117 1263 3171 et
1278 3104 1318 3171 de
1334 3104 1404 3171 aliis
1419 3106 1479 3170 hoc
1493 3105 1598 3192 ipsum

653 3205 803 3269 arbitror.
842 3206 982 3271 Scicutia
996 3206 1079 3270 euim
1096 3205 1199 3285 inflat,
1214 3208 1268 3272 sed
1284 3207 1400 3274 caritas
1414 3208 1481 3272 sola
1496 3209 1600 3273 virum

651 3307 726 3373 facit
748 3308 878 3375 bonum.
922 3307 1083 3396 Deprimit
1105 3323 1201 3389 artes,
1216 3312 1272 3376 sed
1295 3324 1400 3378 tamen
1423 3336 1442 3377 a
1463 3313 1603 3400 philoso-

652 3409 730 3495 phia
744 3433 806 3476 non
822 3412 941 3498 rejicit:
965 3412 1166 3499 nequeenim
1183 3413 1247 3493 soli,
1254 3414 1435 3502 philosophi
1451 3416 1525 3479 boni
1541 3415 1602 3482 viri

652 3525 739 3576 sunt.
786 3515 1036 3593 Grammaticus,
1059 3514 1176 3598 inquit,
1200 3519 1286 3580 circu
1311 3538 1425 3581 curam
1448 3520 1604 3583 sermonis

651 3621 820 3677 serantur.-
846 3623 878 3679 et
890 3624 930 3679 ut
944 3618 1074 3695 longina
1093 3622 1256 3697 conpellar,
1272 3619 1357 3679 circa
1371 3619 1539 3681 historias:
1567 3632 1602 3682 ut

653 3711 1258 3799 longissimeprocedat‚circacarmina.
1290 3720 1362 3781 Hoc
1371 3730 1477 3782 autem
1488 3740 1602 3801 parum

654 3831 716 3880 non
733 3829 790 3884 est,
807 3812 861 3878 sed
877 3815 1051 3901 plurimum
1069 3815 1198 3900 prodest
1213 3815 1253 3879 ad
1272 3816 1524 3881 informationem
1541 3817 1604 3880 vir-

654 3913 745 3991 tutis,
761 3937 834 3999 quae
855 3915 929 3980 facit
951 3917 1053 3978 virum
1078 3916 1207 3980 bonum.
1254 3916 1419 3983 Gloriatur
1437 3918 1603 3996 Horatius,

652 4038 698 4096 te,
713 4016 842 4081 virtutis
857 4041 963 4093 causa,
979 4017 1125 4103 relegisse
1142 4019 1318 4083 Homerum
1331 4044 1340 4094 ;

760 4149 815 4210 Qui
827 4149 888 4218 quid
900 4150 936 4201 sit
946 4149 1089 4220 pulchrum,
1102 4151 1163 4220 quid
1175 4157 1258 4223 turpe,
1270 4151 1331 4221 quid
1343 4151 1416 4216 utile,
1429 4155 1490 4223 quid
1502 4172 1562 4219 aon,

762 4232 869 4286 Plenius
880 4243 908 4287 et
919 4232 1010 4285 melius
1023 4233 1175 4306 Chrysippo,
1188 4243 1215 4287 et
1228 4234 1354 4289 Crantore
1365 4238 1435 4290 dicit.

656 4354 772 4418 Poetae
809 4351 1046 4445 hilosoplrorum
1063 4374 1159 4417 cunas
1174 4355 1391 4435 essacelebre
1405 4371 1464 4449 est,
1486 4360 1606 4443 *Disci-

438 4425 526 4523 f:
658 4475 760 4540 prnas
777 4436 921 4520 liberales
941 4432 1286 4521 tariia‘e'iriilliiiffcsse
1299 4449 1400 4524 'tradit
1411 4448 1606 4546 'antiquitas
