4242 5767
638 396 948 550 ,testatas

531 885 573 944 32
790 900 927 945 sotanis
943 899 1220 946 ssaasesntnnsrs
1362 885 1444 965 [tm.
1462 900 1483 947 1.

531 1069 564 1119 et
590 1054 649 1117 hoc
672 1051 801 1136 quidem
825 1074 884 1138 pro
905 1051 1079 1137 capacitate
1101 1052 1310 1138 ingeniorum.
1357 1055 1482 1118 Horum

533 1166 640 1220 autem
656 1154 716 1217 tria
732 1167 807 1218 sunt
821 1176 949 1241 genera,
965 1155 1048 1218 sicut
1065 1156 1483 1249 C³r¹¹0ttt¹flt„⁸s‚¹.¹s{.sse[·

533 1257 664 1335 narduS,
684 1256 843 1344 frequenti
864 1256 1034 1343 colloquio,
1052 1235 1339 1323 suffia-ditonbus
1358 1242 1483 1322 tradere

533 1354 706 1422 consuevit.
740 1358 839 1422 Aliud
849 1361 931 1423 enim
943 1357 1107 1434 advolans,
1124 1357 1210 1423 aliud
1224 1359 1378 1437 intimum,
1393 1356 1481 1421 aliud

533 1459 689 1523 mediocre
703 1470 762 1523 est.
807 1458 969 1524 Aduolans
983 1459 1114 1546 quidem
1127 1460 1235 1525 eadem
1249 1459 1483 1544 facilitate,qua

532 1561 679 1647 percipit,
690 1559 808 1624 recedit
824 1561 1087 1646 aperceptis,nec
1101 1562 1134 1625 in
1150 1561 1258 1648 aliqua
1273 1563 1346 1625 sede
1364 1560 1480 1624 invenit

531 1660 685 1746 requiem.
742 1661 894 1724 Infimum
930 1674 1036 1724 autem
1077 1660 1243 1725 sublimari
1273 1683 1334 1724 non
1365 1674 1481 1746 potest,

532 1763 669 1851 ideoque
683 1763 859 1850 perfectum
872 1764 992 1828 nescit:
1017 1778 1049 1828 at
1066 1763 1234 1838 mediocre,
1251 1776 1283 1827 et
1294 1763 1371 1848 quia
1387 1762 1483 1826 habet

531 1867 564 1930 in
580 1889 646 1952 quo
669 1864 787 1940 sedeat,
810 1879 843 1929 et
866 1866 941 1950 quia
957 1865 1120 1930 sublimari
1137 1877 1252 1950 potest,
1277 1888 1334 1928 nec
1348 1864 1389 1928 de
1410 1886 1483 1952 pro·

532 1968 618 2033 lectu
634 1967 792 2055 desperat,
815 1980 847 2030 et
863 1967 1117 2053 philosophantis
1138 1968 1288 2031 exercitio
1308 1990 1483 2031 accommo-

533 2068 697 2133 dissimum
721 2080 779 2132 est.
824 2067 869 2131 Et
892 2067 924 2130 in
955 2068 1013 2130 hac
1042 2067 1172 2153 quidem
1196 2070 1300 2150 specie
1322 2081 1482 2141 naturam,

532 2170 656 2256 opinor,
668 2169 785 2233 artium
801 2167 1010 2232 fundamenta
1024 2168 1155 2232 secisse:
1179 2191 1257 2232 usus
1279 2168 1361 2232 enim
1384 2167 1482 2252 hujus

533 2269 639 2335 studio
652 2269 827 2335 invalescit.
851 2271 910 2333 Est
931 2284 1036 2334 autem
1054 2272 1104 2347 (ut
1119 2269 1265 2337 Ciceroni
1280 2260 1488 2353 placetffl

515 2368 1130 2536 Qideasttebettneetinis
1179 2351 1481 2457 ltcasoffiaauqssm

532 2494 612 2560 agen
638 2495 690 2537 um
704 2493 899 2558 magnacum
913 2470 1088 2536 voluntate.
1117 2395 1480 2567 mmmmm

532 2575 647 2640 mentis
661 2597 744 2660 arca²
756 2574 912 2661 firmaque
923 2587 956 2638 et
966 2572 1070 2637 fidelis
1085 2572 1232 2639 custodia
1247 2586 1482 2660 perceptorum.

566 2678 631 2743 atio
657 2699 857 2764 eorumquae
872 2676 1026 2752 sensibus,
1043 2688 1098 2740 eut
1111 2676 1217 2739 animo
1228 2689 1410 2749 occurrunt,
1427 2700 1484 2740 ex·

531 2766 701 2843 aminatrix
730 2778 826 2842 animi
848 2777 895 2840 vis
916 2790 975 2854 est,
998 2790 1031 2841 et
1045 2776 1150 2839 fidelis
1171 2777 1289 2841 arbitra
1311 2776 1483 2861 potiorum,

531 2902 606 2965 quae
620 2901 725 2942 rerum
749 2877 971 2943 similitudines
991 2877 1329 2962 dissimilitudinesque
1348 2899 1482 2963 perpen-

530 2978 620 3056 dens,
632 2977 758 3044 tandem
771 2990 871 3041 artem
879 2976 1100 3063 statuit,quasi
1113 2977 1274 3063 quandam
1287 2977 1482 3041 infinitorum

530 3081 652 3146 finitam
662 3078 908 3144 essescientiam.
924 3078 1346 3170 Quumenimingdesinant
1356 3079 1483 3143 nomina

531 3181 663 3256 infinita,
687 3202 725 3243 ea
745 3178 851 3242 omnia
872 3177 1037 3244 foeminino
1059 3178 1257 3243 definiuntur
1279 3177 1425 3256 articulo,
1442 3180 1482 3243 iis

530 3280 678 3356 exclusis,
700 3302 775 3367 qnae
790 3292 876 3343 certa
891 3300 956 3344 snas
974 3275 1177 3364 proprietatis
1195 3277 1407 3363 assignatione
1421 3278 1483 3343 dis-

530 3381 635 3448 tinxit.
681 3381 810 3468 Species
823 3380 955 3445 infinitae
970 3393 1063 3444 sunt:
1093 3379 1147 3444 sed
1163 3379 1232 3444 haec
1246 3379 1280 3443 in
1295 3379 1341 3443 eis
1354 3380 1482 3444 finitum

530 3481 676 3560 tradidit,
698 3495 734 3548 ut
753 3481 935 3568 cuicunque
955 3479 1045 3544 adest
1060 3477 1190 3569 SQiS⁸2
1203 3480 1289 3556 adsit
1311 3492 1344 3565 et
1367 3504 1479 3566 genus.

530 3585 667 3649 Numeri
689 3584 824 3647 infiniti:
847 3604 971 3646 omnem
995 3595 1100 3645 tamen
1123 3603 1231 3666 parem
1255 3581 1305 3644 vel
1328 3581 1479 3667 imparem

524 3706 597 3749 'esse
611 3682 767 3747 definivit:
791 3693 823 3745 et
833 3694 869 3746 ut
878 3693 960 3767 quot
971 3679 1101 3758 dicitnr,
1114 3680 1238 3767 liquido
1253 3684 1480 3768 comprobetur

530 3781 691 3868 exemplo;
715 3779 975 3867 disceptationem
987 3779 1120 3865 primam
1133 3803 1226 3847 casus
1236 3781 1361 3846 intulit:
1387 3803 1480 3846 nsum

530 3881 728 3969 disceptandi
751 3873 937 3945 exercitatio
957 3880 1059 3943 auxit.
1105 3881 1313 3966 Disceptandi
1334 3881 1480 3957 formam,

530 4009 604 4072 quae
619 4006 670 4049 ars
684 3983 753 4070 ejus
767 3983 871 4069 operis
889 3994 948 4059 est,
970 3981 1053 4046 ratio
1074 3981 1283 4068 deprehendit
1296 4007 1305 4057 ;
1329 4006 1380 4048 ars
1395 3986 1482 4050 culta

529 4087 664 4152 contulit
680 4084 882 4150 facultatem:
906 4096 939 4150 et
953 4084 1030 4171 quia
1044 4085 1160 4149 artium
1177 4097 1291 4149 natura
1305 4101 1407 4151 mater
1421 4099 1480 4165 est,

531 4192 643 4254 merito
678 4187 711 4250 in
740 4185 887 4272 injuriam
917 4187 1057 4270 parentis
1093 4184 1252 4250 redundat
1280 4199 1481 4275 contemptus

530 4311 649 4355 earum.
674 4285 792 4353 Sedulo
806 4286 907 4371 igitur
924 4286 1100 4372 ingenium,
1117 4298 1181 4350 tam
1197 4285 1295 4350 studii
1311 4310 1408 4372 quam
1432 4312 1479 4353 re-

529 4391 686 4454 missionis
707 4387 933 4462 moderatione,
956 4385 1165 4450 excolendum
1180 4398 1240 4463 est,
1263 4400 1300 4451 ut
1315 4388 1356 4451 ab
1379 4388 1479 4452 altero

529 4490 737 4569 convalescat,
766 4490 808 4555 ab
837 4488 937 4554 altero
965 4489 1171 4553 confortetur.
1226 4486 1322 4551 Unde
1353 4490 1480 4575 egregie
