4242 5767
946 850 1051 894 ruonx
1066 849 1224 895 carinum.
1541 839 1561 894 5

629 997 654 1049 8.
674 997 717 1050 De
729 998 819 1051 Titulo
831 997 972 1052 definiendi
984 999 1028 1068 qui
1040 1003 1176 1050 exercetur
1186 998 1213 1048 in
1226 997 1315 1051 Sexto.

628 1084 654 1136 9.
675 1083 716 1137 De
727 1084 887 1156 problemate
901 1085 1019 1155 ejusdem
1030 1089 1058 1135 et
1072 1083 1176 1149 diversi,
1188 1083 1256 1152 qnod
1268 1086 1383 1152 agitatur
1395 1085 1421 1136 in
1434 1086 1560 1156 septimo:

714 1176 742 1222 et
752 1172 897 1223 communia
908 1170 1026 1239 quaedam
1038 1166 1203 1240 Topicorum.

613 1253 653 1306 10.
672 1254 715 1307 De
727 1255 841 1308 utilitate
854 1257 946 1308 octavi.

914 1493 1035 1548 LIBER
1054 1492 1251 1556 QUARTUS.

632 1595 654 1647 l.
673 1597 759 1659 Qooo
769 1596 836 1650 liber
847 1596 1043 1667 Analyticorum
1054 1602 1094 1650 eet
1106 1597 1234 1649 rationum
1246 1593 1456 1647 examinatorlua.

629 1681 654 1732 2.
674 1681 752 1743 Quod
765 1683 882 1735 Scientia
895 1683 952 1734 haec
967 1682 1040 1735 utilia
1056 1686 1098 1733 eat
1109 1682 1142 1731 ad
1158 1681 1257 1732 omnia:
1277 1685 1305 1731 et
1318 1680 1388 1731 unde
1402 1679 1458 1730 boec
1472 1681 1563 1732 sortita

588 1773 616 1815 ν
716 1766 752 1816 ait
762 1781 865 1816 nomen.

629 1847 656 1897 3.
676 1846 831 1908 Quodlibet
842 1864 893 1899 non
904 1852 1014 1899 eatenus
1027 1846 1097 1899 utilia
1109 1852 1150 1898 eet
1160 1846 1194 1898 ad
1205 1845 1318 1916 phrasim
1329 1845 1535 1918 comparandam.

629 1933 657 1983 4.
676 1931 744 1994 Quae
755 1932 789 1984 eit
801 1931 860 1984 libri
871 1932 947 2003 primi
959 1932 1099 2002 conceptio.

629 2017 656 2069 ⁵.
675 2017 742 2080 Qure
753 2018 788 2070 sit
800 2018 931 2089 conceptio
943 2017 1058 2069 secundi.

630 2103 656 2155 6.
675 2103 718 2156 De
729 2101 884 2156 difficultate
897 2103 1068 2175 posteriorum
1077 2101 1283 2172 Analyticorum:
1296 2109 1322 2155 et
1333 2102 1402 2155 unde
1413 2103 1562 2170 contingat?

630 2189 654 2246 7.
674 2188 764 2251 Quare
775 2186 934 2240 Aristotelea
944 2205 1039 2240 nomen
1054 2187 1208 2259 Philosophi
1219 2204 1273 2258 prae
1284 2189 1384 2241 caeteria
1395 2189 1525 2240 meruerit.

572 2242 655 2325 58.
676 2272 718 2324 De
736 2270 823 2324 officio
842 2271 1064 2335 demonstrativam
1081 2279 1107 2324 et
1123 2289 1158 2324 ex
1172 2272 1266 2341 quibua
1280 2273 1314 2324 ait
1329 2272 1522 2336 demonstratio,
1537 2279 1565 2325 et

717 2356 862 2427 quomodo?
895 2361 922 2408 et
945 2355 1012 2424 quod
1035 2373 1127 2409 oenone
1150 2357 1266 2409 scientia
1288 2358 1440 2428 principium
1463 2364 1513 2421 eat,
1537 2363 1565 2409 et

718 2442 864 2511 quomodo?

631 2528 657 2580 9.
676 2526 749 2589 Quid
766 2543 867 2588 oenone,
878 2531 906 2577 et
924 2526 1052 2595 quomodo
1064 2527 1148 2578 omnia
1164 2525 1334 2598 philosophia
1349 2528 1448 2599 species
1464 2544 1498 2579 ex
1509 2528 1565 2598 ipso

720 2610 896 2662 convalescant
908 2628 955 2681 per
965 2612 1188 2678 imaginationem.

615 2696 726 2777 Q
733 2695 936 2764 lmaginatione:
950 2701 977 2748 et
988 2695 1056 2765 quod
1069 2713 1104 2748 ex
1116 2696 1175 2765 ipsa
1185 2695 1302 2746 oriuntur
1312 2693 1462 2747 affectiones
1474 2693 1567 2763 quilius

719 2762 987 2853 ammaeiffirffiim‚
999 2787 1046 2835 aut
1057 2781 1162 2834 turbata
1174 2779 1333 2833 deturbatur.

616 2868 656 2922 ll.
676 2868 749 2931 Quid
769 2869 935 2936 imaginatim
964 2875 990 2921 ct
1013 2869 1046 2921 de
1069 2869 1188 2940 opinione
1209 2874 1236 2920 et
1257 2865 1360 2920 fallacia
1382 2867 1517 2938 opinionis,
1538 2875 1566 2920 et

718 2971 823 3007 uenena:
843 2960 869 3007 et
880 2954 914 3006 de
926 2960 983 3007 orm
998 2954 1138 3007 Phroneaia
1152 2970 1231 3023 quam
1246 2969 1294 3005 noa
1306 2953 1469 3024 prudentiam
1483 2955 1564 3005 nomi·

718 3056 820 3092 namne.

616 3124 657 3177 lt.
675 3124 746 3187 Quid
765 3124 909 3195 prudentio,
927 3142 985 3194 quaa
1003 3125 1112 3176 materia
1130 3124 1195 3194 ejus,
1212 3140 1270 3192 quse
1287 3128 1382 3194 partes,
1394 3129 1422 3175 et
1438 3123 1566 3192 quomodo

719 3209 828 3260 scientia
840 3226 874 3260 ex
885 3210 982 3262 aenan?

617 3293 659 3345 13.
677 3292 721 3344 De
732 3291 880 3344 differentia
891 3295 1006 3345 acientiae
1018 3296 1045 3343 et
1057 3291 1205 3359 Sapientiae,
1217 3296 1245 3342 et
1256 3291 1318 3358 quid
1328 3290 1403 3342 tidea

618 3376 660 3429 ll.
678 3376 722 3429 De
732 3377 880 3442 cognitione
892 3377 1036 3442 φρονήσεως,
1050 3380 1076 3424 et
1089 3375 1208 3434 mutatu,
1220 3380 1248 3424 et
1263 3375 1297 3424 de
1313 3379 1371 3425 ortu
1385 3374 1529 3444 phronesin,
1541 3383 1568 3428 et

720 3457 783 3525 quid
795 3457 870 3509 ratio.

620 3543 660 3596 15.
679 3543 749 3595 Item
767 3542 830 3612 quid
847 3541 946 3593 Ratio?
972 3545 1000 3591 et
1014 3539 1082 3609 quod
1097 3555 1193 3591 nomen
1204 3539 1311 3591 rationis
1322 3538 1458 3612 multiplex
1470 3550 1523 3596 eat:
1542 3551 1569 3597 et

721 3627 790 3697 quod
802 3629 915 3680 rationed
927 3624 1099 3696 sempiternae.

618 3713 658 3766 16.
678 3713 820 3766 Distinctio
832 3709 1038 3781 multiplicitatis,
1052 3715 1079 3763 et
1091 3708 1159 3779 quod
1173 3709 1249 3763 bruta
1261 3726 1312 3762 non
1323 3712 1422 3766 habent
1433 3716 1567 3782 rationem,

721 3798 770 3849 etsi
792 3797 937 3848 discemere
957 3793 1102 3859 rideantur,
1121 3799 1147 3847 et
1167 3793 1236 3847 uode
1253 3792 1406 3850 homocum
1425 3799 1517 3851 sortita
1534 3802 1569 3852 ait

716 3884 796 3953 juxta
809 3878 955 3933 Hebraeoa?

619 3967 660 4024 17.
679 3966 721 4019 De
737 3965 826 4019 officio
843 3964 964 4017 rationis:
989 3970 1015 4015 et
1034 3981 1113 4033 quare
1131 3981 1223 4017 sennua
1240 3966 1267 4017 in
1279 3965 1383 4036 Capite,
1395 3967 1488 4035 quibua
1503 3969 1569 4021 ratio

722 4050 852 4124 praecidet,
864 4056 891 4102 et
903 4065 967 4119 quaa
978 4048 1145 4119 pedissequas
1156 4049 1254 4102 habeat
1264 4049 1423 4120 philologia?

619 4139 661 4193 18.
681 4138 722 4192 De
734 4139 883 4192 differentia
895 4136 1012 4199 rationis,
1025 4141 1052 4187 et
1062 4135 1222 4190 intellectus:
1242 4146 1269 4189 et
1281 4137 1347 4206 quid
1354 4136 1520 4191 intellectuat

620 4224 660 4277 lo.
679 4224 750 4286 Quid
762 4223 914 4295 Sapientia?
934 4226 961 4273 et
972 4220 1040 4289 quod
1051 4220 1109 4292 ipsa
1120 4222 1153 4274 de
1164 4238 1243 4274 seam
1254 4239 1301 4293 per
1311 4223 1433 4289 gratiam.

619 4307 661 4360 20.
682 4308 723 4360 De
742 4308 889 4375 cognitione
907 4307 1009 4369 anima,
1027 4310 1055 4357 et
1076 4306 1108 4359 do
1127 4305 1302 4378 simplicitate,
1325 4312 1354 4357 et
1375 4303 1569 4358 immortalitate

723 4393 864 4446 secundum
876 4391 1038 4446 Ciceronem.
