<?xml version="1.0" encoding="UTF-8"?>
<!DOCTYPE html PUBLIC "-//W3C//DTD XHTML 1.0 Transitional//EN"
    "http://www.w3.org/TR/xhtml1/DTD/xhtml1-transitional.dtd">
<html xmlns="http://www.w3.org/1999/xhtml" xml:lang="en" lang="en">
 <head>
  <title>
</title>
<meta http-equiv="Content-Type" content="text/html;charset=utf-8" />
  <meta name='ocr-system' content='tesseract 3.04.00' />
  <meta name='ocr-capabilities' content='ocr_page ocr_carea ocr_par ocr_line ocrx_word'/>
</head>
<body>
  <div class='ocr_page' id='page_1' title='image "./joannissaresber10johngoog_0023.png"; bbox 0 0 4242 5767; ppageno 0'>
   <div class='ocr_carea' id='block_1_1' title="bbox 693 1197 1424 1462">
    <p class='ocr_par' dir='ltr' id='par_1_1' title="bbox 693 1197 1424 1462">
     <span class='ocr_line' id='line_1_1' title="bbox 756 1197 1361 1263; baseline -0.002 -2"><span class='ocrx_word' id='word_1_1' title='bbox 756 1197 950 1262; x_wconf 76' lang='lat' dir='ltr'><strong>Jouums</strong></span> <span class='ocrx_word' id='word_1_2' title='bbox 974 1197 1361 1263; x_wconf 76' lang='lat' dir='ltr'><strong>sauasnnmausis</strong></span> 
     </span>
     <span class='ocr_line' id='line_1_2' title="bbox 693 1376 1424 1462; baseline 0 -2"><span class='ocrx_word' id='word_1_3' title='bbox 693 1377 748 1460; x_wconf 91' lang='lat' dir='ltr'>M</span> <span class='ocrx_word' id='word_1_4' title='bbox 787 1376 827 1460; x_wconf 87' lang='grc' dir='ltr'>Ε</span> <span class='ocrx_word' id='word_1_5' title='bbox 867 1376 907 1460; x_wconf 89' lang='grc' dir='ltr'><em>Τ</em></span> <span class='ocrx_word' id='word_1_6' title='bbox 945 1378 983 1459; x_wconf 90' lang='grc' dir='ltr'><strong>Α</strong></span> <span class='ocrx_word' id='word_1_7' title='bbox 1022 1378 1060 1460; x_wconf 93' lang='lat' dir='ltr'>L</span> <span class='ocrx_word' id='word_1_8' title='bbox 1100 1377 1139 1462; x_wconf 92' lang='lat' dir='ltr'>O</span> <span class='ocrx_word' id='word_1_9' title='bbox 1177 1378 1220 1461; x_wconf 86' lang='lat' dir='ltr'>G</span> <span class='ocrx_word' id='word_1_10' title='bbox 1267 1378 1287 1461; x_wconf 94' lang='lat'>1</span> <span class='ocrx_word' id='word_1_11' title='bbox 1326 1377 1361 1461; x_wconf 86' lang='lat' dir='ltr'>C</span> <span class='ocrx_word' id='word_1_12' title='bbox 1404 1379 1424 1460; x_wconf 91' lang='grc' dir='ltr'>Ι</span> 
     </span>
    </p>
   </div>
   <div class='ocr_carea' id='block_1_2' title="bbox 911 1575 1212 1628">
    <p class='ocr_par' dir='ltr' id='par_1_2' title="bbox 911 1575 1212 1628">
     <span class='ocr_line' id='line_1_3' title="bbox 911 1575 1212 1628; baseline -0.003 -1"><span class='ocrx_word' id='word_1_13' title='bbox 911 1575 1031 1628; x_wconf 82' lang='lat' dir='ltr'>LIBER</span> <span class='ocrx_word' id='word_1_14' title='bbox 1052 1575 1212 1628; x_wconf 80' lang='lat' dir='ltr'>PRIMUS.</span> 
     </span>
    </p>
   </div>
   <div class='ocr_carea' id='block_1_3' title="bbox 586 1904 1537 2084">
    <p class='ocr_par' dir='ltr' id='par_1_3' title="bbox 586 1904 1537 2084">
     <span class='ocr_line' id='line_1_4' title="bbox 586 1904 1537 1992; baseline -0.007 -23"><span class='ocrx_word' id='word_1_15' title='bbox 586 1907 665 1990; x_wconf 87' lang='lat' dir='ltr'><strong>Cap.</strong></span> <span class='ocrx_word' id='word_1_16' title='bbox 692 1909 718 1966; x_wconf 89' lang='lat'><strong>1.</strong></span> <span class='ocrx_word' id='word_1_17' title='bbox 752 1904 927 1968; x_wconf 71' lang='lat' dir='ltr'><strong>calumnia</strong></span> <span class='ocrx_word' id='word_1_18' title='bbox 955 1922 1031 1985; x_wconf 83' lang='lat' dir='ltr'><strong>quoe</strong></span> <span class='ocrx_word' id='word_1_19' title='bbox 1060 1910 1098 1967; x_wconf 81' lang='lat' dir='ltr'><strong>ut</strong></span> <span class='ocrx_word' id='word_1_20' title='bbox 1124 1905 1297 1988; x_wconf 73' lang='lat' dir='ltr'><strong>Cornffia‘o</strong></span> <span class='ocrx_word' id='word_1_21' title='bbox 1324 1926 1383 1969; x_wconf 76' lang='lat' dir='ltr'><strong>rtao</strong></span> <span class='ocrx_word' id='word_1_22' title='bbox 1411 1927 1537 1992; x_wconf 67' lang='lat' dir='ltr'><strong>respon.</strong></span> 
     </span>
     <span class='ocr_line' id='line_1_5' title="bbox 915 2005 1210 2084; baseline 0.003 -16"><span class='ocrx_word' id='word_1_23' title='bbox 915 2005 1055 2084; x_wconf 75' lang='lat' dir='ltr'><strong>aeream,</strong></span> <span class='ocrx_word' id='word_1_24' title='bbox 1070 2006 1210 2069; x_wconf 70' lang='lat' dir='ltr'><strong>eawrait.</strong></span> 
     </span>
    </p>
   </div>
   <div class='ocr_carea' id='block_1_4' title="bbox 626 2138 1534 2243">
    <p class='ocr_par' dir='ltr' id='par_1_4' title="bbox 626 2138 1534 2243">
     <span class='ocr_line' id='line_1_6' title="bbox 626 2138 1534 2243; baseline 0.003 -39"><span class='ocrx_word' id='word_1_25' title='bbox 626 2142 809 2206; x_wconf 82' lang='lat' dir='ltr'><strong>Anvnasos</strong></span> <span class='ocrx_word' id='word_1_26' title='bbox 847 2138 969 2223; x_wconf 82' lang='lat' dir='ltr'>insigne</span> <span class='ocrx_word' id='word_1_27' title='bbox 1007 2138 1129 2202; x_wconf 89' lang='lat' dir='ltr'><strong>donum</strong></span> <span class='ocrx_word' id='word_1_28' title='bbox 1151 2141 1473 2243; x_wconf 63' lang='lat' dir='ltr'><strong>Q,</strong></span> <span class='ocrx_word' id='word_1_29' title='bbox 1502 2156 1534 2207; x_wconf 86' lang='lat' dir='ltr'><strong>et</strong></span> 
     </span>
    </p>
   </div>
   <div class='ocr_carea' id='block_1_5' title="bbox 576 2243 1535 2844">
    <p class='ocr_par' dir='ltr' id='par_1_5' title="bbox 576 2243 1535 2844">
     <span class='ocr_line' id='line_1_7' title="bbox 581 2243 1534 2329; baseline 0.003 -23"><span class='ocrx_word' id='word_1_30' title='bbox 581 2244 704 2328; x_wconf 81' lang='lat' dir='ltr'><strong>gratiae,</strong></span> <span class='ocrx_word' id='word_1_31' title='bbox 726 2243 916 2308; x_wconf 86' lang='lat' dir='ltr'><strong>calumniam</strong></span> <span class='ocrx_word' id='word_1_32' title='bbox 940 2255 1090 2319; x_wconf 86' lang='lat' dir='ltr'><strong>veterem,</strong></span> <span class='ocrx_word' id='word_1_33' title='bbox 1112 2256 1145 2308; x_wconf 88' lang='lat' dir='ltr'><strong>et</strong></span> <span class='ocrx_word' id='word_1_34' title='bbox 1170 2244 1327 2329; x_wconf 89' lang='lat' dir='ltr'><strong>majorum</strong></span> <span class='ocrx_word' id='word_1_35' title='bbox 1354 2257 1534 2310; x_wconf 90' lang='lat' dir='ltr'><strong>nostrorum</strong></span> 
     </span>
     <span class='ocr_line' id='line_1_8' title="bbox 576 2343 1534 2430; baseline 0.005 -23"><span class='ocrx_word' id='word_1_36' title='bbox 576 2344 701 2428; x_wconf 87' lang='lat' dir='ltr'><strong>judicio</strong></span> <span class='ocrx_word' id='word_1_37' title='bbox 721 2343 976 2420; x_wconf 88' lang='lat' dir='ltr'><strong>condemnatam,</strong></span> <span class='ocrx_word' id='word_1_38' title='bbox 998 2344 1119 2408; x_wconf 84' lang='lat' dir='ltr'><strong>excitat</strong></span> <span class='ocrx_word' id='word_1_39' title='bbox 1141 2343 1306 2430; x_wconf 90' lang='lat' dir='ltr'><strong>improbus</strong></span> <span class='ocrx_word' id='word_1_40' title='bbox 1328 2344 1481 2430; x_wconf 81' lang='lat' dir='ltr'>litigator,</span> <span class='ocrx_word' id='word_1_41' title='bbox 1500 2360 1534 2412; x_wconf 92' lang='lat' dir='ltr'><strong>et</strong></span> 
     </span>
     <span class='ocr_line' id='line_1_9' title="bbox 581 2443 1535 2532; baseline 0.003 -24"><span class='ocrx_word' id='word_1_42' title='bbox 581 2446 771 2529; x_wconf 83' lang='lat' dir='ltr'><strong>conquirens</strong></span> <span class='ocrx_word' id='word_1_43' title='bbox 794 2443 935 2528; x_wconf 87' lang='lat' dir='ltr'><strong>undique</strong></span> <span class='ocrx_word' id='word_1_44' title='bbox 957 2443 1127 2529; x_wconf 66' lang='lat' dir='ltr'><strong>imperitiae</strong></span> <span class='ocrx_word' id='word_1_45' title='bbox 1148 2466 1215 2508; x_wconf 84' lang='lat' dir='ltr'><strong>suoe</strong></span> <span class='ocrx_word' id='word_1_46' title='bbox 1237 2445 1360 2522; x_wconf 86' lang='lat' dir='ltr'><strong>solatia,</strong></span> <span class='ocrx_word' id='word_1_47' title='bbox 1380 2444 1440 2509; x_wconf 86' lang='lat' dir='ltr'><strong>sibi</strong></span> <span class='ocrx_word' id='word_1_48' title='bbox 1464 2470 1535 2532; x_wconf 89' lang='lat' dir='ltr'><strong>pro-</strong></span> 
     </span>
     <span class='ocr_line' id='line_1_10' title="bbox 581 2540 1534 2628; baseline 0.004 -22"><span class='ocrx_word' id='word_1_49' title='bbox 581 2544 675 2607; x_wconf 86' lang='lat' dir='ltr'><strong>ficere</strong></span> <span class='ocrx_word' id='word_1_50' title='bbox 692 2556 798 2628; x_wconf 83' lang='lat' dir='ltr'>sperat</span> <span class='ocrx_word' id='word_1_51' title='bbox 817 2542 859 2606; x_wconf 90' lang='lat' dir='ltr'><strong>ad</strong></span> <span class='ocrx_word' id='word_1_52' title='bbox 878 2540 1024 2626; x_wconf 82' lang='lat' dir='ltr'><strong>gloriam,</strong></span> <span class='ocrx_word' id='word_1_53' title='bbox 1039 2543 1065 2606; x_wconf 90' lang='lat' dir='ltr'><strong>si</strong></span> <span class='ocrx_word' id='word_1_54' title='bbox 1081 2543 1199 2607; x_wconf 92' lang='lat' dir='ltr'><strong>multos</strong></span> <span class='ocrx_word' id='word_1_55' title='bbox 1213 2543 1329 2607; x_wconf 87' lang='lat' dir='ltr'><strong>similes</strong></span> <span class='ocrx_word' id='word_1_56' title='bbox 1344 2545 1403 2622; x_wconf 85' lang='lat' dir='ltr'><strong>sui,</strong></span> <span class='ocrx_word' id='word_1_57' title='bbox 1419 2545 1453 2609; x_wconf 91' lang='lat' dir='ltr'><strong>id</strong></span> <span class='ocrx_word' id='word_1_58' title='bbox 1474 2562 1534 2623; x_wconf 87' lang='lat' dir='ltr'><strong>est,</strong></span> 
     </span>
     <span class='ocr_line' id='line_1_11' title="bbox 581 2641 1534 2730; baseline 0.006 -24"><span class='ocrx_word' id='word_1_59' title='bbox 581 2644 608 2707; x_wconf 89' lang='lat' dir='ltr'><strong>si</strong></span> <span class='ocrx_word' id='word_1_60' title='bbox 635 2666 688 2706; x_wconf 92' lang='lat' dir='ltr'><strong>eos</strong></span> <span class='ocrx_word' id='word_1_61' title='bbox 710 2642 825 2707; x_wconf 80' lang='lat' dir='ltr'><strong>viderit</strong></span> <span class='ocrx_word' id='word_1_62' title='bbox 849 2641 1033 2727; x_wconf 86' lang='lat' dir='ltr'><strong>imperitos:</strong></span> <span class='ocrx_word' id='word_1_63' title='bbox 1064 2642 1160 2706; x_wconf 88' lang='lat' dir='ltr'><strong>babet</strong></span> <span class='ocrx_word' id='word_1_64' title='bbox 1182 2643 1264 2706; x_wconf 91' lang='lat' dir='ltr'><strong>enim</strong></span> <span class='ocrx_word' id='word_1_65' title='bbox 1287 2644 1347 2706; x_wconf 91' lang='lat' dir='ltr'><strong>hoc</strong></span> <span class='ocrx_word' id='word_1_66' title='bbox 1369 2647 1534 2730; x_wconf 87' lang='lat' dir='ltr'><strong>proprium</strong></span> 
     </span>
     <span class='ocr_line' id='line_1_12' title="bbox 581 2743 1533 2844; baseline 0.002 -35"><span class='ocrx_word' id='word_1_67' title='bbox 581 2744 772 2844; x_wconf 63' lang='lat' dir='ltr'><strong>arrogantiae</strong></span> <span class='ocrx_word' id='word_1_68' title='bbox 790 2756 907 2817; x_wconf 89' lang='lat' dir='ltr'><strong>tumor,</strong></span> <span class='ocrx_word' id='word_1_69' title='bbox 925 2756 960 2807; x_wconf 94' lang='lat' dir='ltr'><strong>ut</strong></span> <span class='ocrx_word' id='word_1_70' title='bbox 980 2766 1014 2808; x_wconf 88' lang='lat' dir='ltr'><strong>se</strong></span> <span class='ocrx_word' id='word_1_71' title='bbox 1029 2743 1252 2807; x_wconf 81' lang='lat' dir='ltr'><strong>commetiatur</strong></span> <span class='ocrx_word' id='word_1_72' title='bbox 1271 2743 1352 2822; x_wconf 87' lang='lat' dir='ltr'><strong>aliis,</strong></span> <span class='ocrx_word' id='word_1_73' title='bbox 1369 2746 1452 2810; x_wconf 93' lang='lat' dir='ltr'><strong>bona</strong></span> <span class='ocrx_word' id='word_1_74' title='bbox 1466 2770 1533 2820; x_wconf 81' lang='lat' dir='ltr'><strong>sua,</strong></span> 
     </span>
    </p>
   </div>
   <div class='ocr_carea' id='block_1_6' title="bbox 573 2843 1613 4544">
    <p class='ocr_par' dir='ltr' id='par_1_6' title="bbox 573 2843 1613 4544">
     <span class='ocr_line' id='line_1_13' title="bbox 581 2843 1534 2934; baseline 0.001 -23"><span class='ocrx_word' id='word_1_75' title='bbox 581 2848 675 2932; x_wconf 80' lang='lat' dir='ltr'><strong>siqua</strong></span> <span class='ocrx_word' id='word_1_76' title='bbox 690 2859 776 2921; x_wconf 88' lang='lat' dir='ltr'><strong>sunt,</strong></span> <span class='ocrx_word' id='word_1_77' title='bbox 794 2844 937 2924; x_wconf 86' lang='lat' dir='ltr'><strong>efferens,</strong></span> <span class='ocrx_word' id='word_1_78' title='bbox 952 2843 1134 2930; x_wconf 82' lang='lat' dir='ltr'><strong>deprimens</strong></span> <span class='ocrx_word' id='word_1_79' title='bbox 1155 2843 1276 2920; x_wconf 81' lang='lat' dir='ltr'><strong>aliena3</strong></span> <span class='ocrx_word' id='word_1_80' title='bbox 1308 2845 1534 2934; x_wconf 85' lang='lat' dir='ltr'><strong>defectumque</strong></span> 
     </span>
     <span class='ocr_line' id='line_1_14' title="bbox 579 2946 1533 3033; baseline 0.003 -23"><span class='ocrx_word' id='word_1_81' title='bbox 579 2947 728 3033; x_wconf 87' lang='lat' dir='ltr'><strong>proximi,</strong></span> <span class='ocrx_word' id='word_1_82' title='bbox 758 2966 854 3011; x_wconf 85' lang='lat' dir='ltr'><strong>suum</strong></span> <span class='ocrx_word' id='word_1_83' title='bbox 890 2958 985 3032; x_wconf 89' lang='lat' dir='ltr'><strong>putet</strong></span> <span class='ocrx_word' id='word_1_84' title='bbox 1021 2968 1088 3010; x_wconf 88' lang='lat' dir='ltr'><strong>esse</strong></span> <span class='ocrx_word' id='word_1_85' title='bbox 1124 2946 1315 3031; x_wconf 83' lang='lat' dir='ltr'><strong>proiectum.</strong></span> <span class='ocrx_word' id='word_1_86' title='bbox 1376 2948 1533 3014; x_wconf 87' lang='lat' dir='ltr'><strong>Omnibus</strong></span> 
     </span>
     <span class='ocr_line' id='line_1_15' title="bbox 578 3046 1565 3134; baseline 0.001 -22"><span class='ocrx_word' id='word_1_87' title='bbox 578 3060 684 3112; x_wconf 87' lang='lat' dir='ltr'><strong>autem</strong></span> <span class='ocrx_word' id='word_1_88' title='bbox 706 3060 790 3113; x_wconf 89' lang='lat' dir='ltr'><strong>recte</strong></span> <span class='ocrx_word' id='word_1_89' title='bbox 811 3046 1007 3134; x_wconf 78' lang='lat' dir='ltr'><strong>sapientibus</strong></span> <span class='ocrx_word' id='word_1_90' title='bbox 1026 3047 1196 3112; x_wconf 88' lang='lat' dir='ltr'><strong>indubium</strong></span> <span class='ocrx_word' id='word_1_91' title='bbox 1219 3061 1279 3125; x_wconf 85' lang='lat' dir='ltr'><strong>est,</strong></span> <span class='ocrx_word' id='word_1_92' title='bbox 1295 3049 1383 3134; x_wconf 92' lang='lat' dir='ltr'><strong>quod</strong></span> <span class='ocrx_word' id='word_1_93' title='bbox 1399 3063 1565 3133; x_wconf 62' lang='lat' dir='ltr'>Q</span> 
     </span>
     <span class='ocr_line' id='line_1_16' title="bbox 577 3147 1530 3243; baseline 0.006 -33"><span class='ocrx_word' id='word_1_94' title='bbox 577 3150 955 3243; x_wconf 54' lang='lat' dir='ltr'><strong>flefflssssfflQfflQ</strong></span> <span class='ocrx_word' id='word_1_95' title='bbox 974 3147 1128 3228; x_wconf 89' lang='lat' dir='ltr'><strong>omnium,</strong></span> <span class='ocrx_word' id='word_1_96' title='bbox 1142 3162 1182 3242; x_wconf 91' lang='lat' dir='ltr'><strong>et</strong></span> <span class='ocrx_word' id='word_1_97' title='bbox 1198 3148 1451 3240; x_wconf 8' lang='lat' dir='ltr'><strong>dispositissima?</strong></span> <span class='ocrx_word' id='word_1_98' title='bbox 1464 3174 1530 3235; x_wconf 79' lang='lat' dir='ltr'><strong>mo·</strong></span> 
     </span>
     <span class='ocr_line' id='line_1_17' title="bbox 578 3246 1530 3336; baseline 0.002 -22"><span class='ocrx_word' id='word_1_99' title='bbox 578 3250 732 3334; x_wconf 61' lang='lat' dir='ltr'><strong>deratriu,</strong></span> <span class='ocrx_word' id='word_1_100' title='bbox 742 3251 826 3336; x_wconf 77' lang='lat' dir='ltr'><strong>inter</strong></span> <span class='ocrx_word' id='word_1_101' title='bbox 841 3264 955 3313; x_wconf 82' lang='lat' dir='ltr'><strong>caetera</strong></span> <span class='ocrx_word' id='word_1_102' title='bbox 966 3272 1041 3335; x_wconf 85' lang='lat' dir='ltr'><strong>quae</strong></span> <span class='ocrx_word' id='word_1_103' title='bbox 1054 3246 1163 3331; x_wconf 83' lang='lat' dir='ltr'><strong>genuit</strong></span> <span class='ocrx_word' id='word_1_104' title='bbox 1175 3248 1360 3328; x_wconf 82' lang='lat' dir='ltr'><strong>animantia,</strong></span> <span class='ocrx_word' id='word_1_105' title='bbox 1372 3251 1530 3317; x_wconf 89' lang='lat' dir='ltr'><strong>hominem</strong></span> 
     </span>
     <span class='ocr_line' id='line_1_18' title="bbox 580 3342 1529 3439; baseline 0.006 -27"><span class='ocrx_word' id='word_1_106' title='bbox 580 3348 746 3439; x_wconf 61' lang='lat' dir='ltr'><strong>priuilegio</strong></span> <span class='ocrx_word' id='word_1_107' title='bbox 766 3342 1054 3427; x_wconf 40' lang='grc' dir='ltr'><strong>ιῆὀῖἷόᾐῖβρκῑυὶἰιζ</strong></span> <span class='ocrx_word' id='word_1_108' title='bbox 1067 3363 1100 3439; x_wconf 86' lang='lat' dir='ltr'><strong>et</strong></span> <span class='ocrx_word' id='word_1_109' title='bbox 1111 3346 1186 3426; x_wconf 55' lang='lat' dir='ltr'><strong>‚usu&#39;</strong></span> <span class='ocrx_word' id='word_1_110' title='bbox 1206 3345 1325 3434; x_wconf 82' lang='lat' dir='ltr'><strong>eloquii</strong></span> <span class='ocrx_word' id='word_1_111' title='bbox 1347 3348 1529 3435; x_wconf 71' lang='lat' dir='ltr'><strong>insignivit:</strong></span> 
     </span>
     <span class='ocr_line' id='line_1_19' title="bbox 580 3437 1532 3535; baseline 0.005 -22"><span class='ocrx_word' id='word_1_112' title='bbox 580 3451 613 3514; x_wconf 93' lang='lat' dir='ltr'><strong>id</strong></span> <span class='ocrx_word' id='word_1_113' title='bbox 628 3471 726 3535; x_wconf 83' lang='lat' dir='ltr'><strong>agens</strong></span> <span class='ocrx_word' id='word_1_114' title='bbox 740 3446 910 3513; x_wconf 76' lang='lat' dir='ltr'><strong>sedulitate</strong></span> <span class='ocrx_word' id='word_1_115' title='bbox 924 3447 1073 3527; x_wconf 88' lang='lat' dir='ltr'><strong>officiosa,</strong></span> <span class='ocrx_word' id='word_1_116' title='bbox 1086 3464 1118 3512; x_wconf 90' lang='lat' dir='ltr'><strong>et</strong></span> <span class='ocrx_word' id='word_1_117' title='bbox 1140 3440 1209 3533; x_wconf 85' lang='lat' dir='ltr'><strong>lege</strong></span> <span class='ocrx_word' id='word_1_118' title='bbox 1229 3440 1480 3534; x_wconf 65' lang='lat' dir='ltr'><strong>dispositissima,</strong></span> <span class='ocrx_word' id='word_1_119' title='bbox 1496 3437 1532 3519; x_wconf 75' lang='lat' dir='ltr'><strong>dt</strong></span> 
     </span>
     <span class='ocr_line' id='line_1_20' title="bbox 579 3547 1532 3636; baseline 0.004 -20"><span class='ocrx_word' id='word_1_120' title='bbox 579 3553 686 3630; x_wconf 89' lang='lat' dir='ltr'><strong>homo,</strong></span> <span class='ocrx_word' id='word_1_121' title='bbox 708 3550 764 3636; x_wconf 91' lang='lat' dir='ltr'><strong>qui</strong></span> <span class='ocrx_word' id='word_1_122' title='bbox 785 3549 958 3635; x_wconf 78' lang='lat' dir='ltr'><strong>gravedine</strong></span> <span class='ocrx_word' id='word_1_123' title='bbox 980 3547 1208 3614; x_wconf 82' lang='lat' dir='ltr'><strong>foeculentioris</strong></span> <span class='ocrx_word' id='word_1_124' title='bbox 1229 3563 1365 3628; x_wconf 85' lang='lat' dir='ltr'><strong>naturae,</strong></span> <span class='ocrx_word' id='word_1_125' title='bbox 1387 3564 1418 3616; x_wconf 89' lang='lat' dir='ltr'><strong>et</strong></span> <span class='ocrx_word' id='word_1_126' title='bbox 1441 3555 1532 3621; x_wconf 89' lang='lat' dir='ltr'><strong>molis</strong></span> 
     </span>
     <span class='ocr_line' id='line_1_21' title="bbox 576 3650 1527 3740; baseline 0.002 -22"><span class='ocrx_word' id='word_1_127' title='bbox 576 3675 736 3740; x_wconf 72' lang='lat' dir='ltr'><strong>corporeae</strong></span> <span class='ocrx_word' id='word_1_128' title='bbox 752 3650 902 3716; x_wconf 85' lang='lat' dir='ltr'><strong>tarditate</strong></span> <span class='ocrx_word' id='word_1_129' title='bbox 918 3651 1132 3736; x_wconf 88' lang='lat' dir='ltr'><strong>premebatur,</strong></span> <span class='ocrx_word' id='word_1_130' title='bbox 1148 3667 1181 3715; x_wconf 87' lang='lat' dir='ltr'><strong>et</strong></span> <span class='ocrx_word' id='word_1_131' title='bbox 1198 3650 1384 3717; x_wconf 87' lang='lat' dir='ltr'><strong>trahebatur</strong></span> <span class='ocrx_word' id='word_1_132' title='bbox 1398 3652 1438 3718; x_wconf 87' lang='lat' dir='ltr'><strong>ad</strong></span> <span class='ocrx_word' id='word_1_133' title='bbox 1454 3654 1527 3730; x_wconf 86' lang='lat' dir='ltr'><strong>ima,</strong></span> 
     </span>
     <span class='ocr_line' id='line_1_22' title="bbox 576 3749 1530 3839; baseline 0.003 -21"><span class='ocrx_word' id='word_1_134' title='bbox 576 3754 626 3818; x_wconf 86' lang='lat' dir='ltr'><strong>his</strong></span> <span class='ocrx_word' id='word_1_135' title='bbox 645 3754 737 3839; x_wconf 90' lang='lat' dir='ltr'><strong>quasi</strong></span> <span class='ocrx_word' id='word_1_136' title='bbox 753 3752 923 3818; x_wconf 80' lang='lat' dir='ltr'><strong>subvectus</strong></span> <span class='ocrx_word' id='word_1_137' title='bbox 937 3749 1005 3826; x_wconf 87' lang='lat' dir='ltr'><strong>alis,</strong></span> <span class='ocrx_word' id='word_1_138' title='bbox 1022 3750 1063 3814; x_wconf 89' lang='lat' dir='ltr'><strong>ad</strong></span> <span class='ocrx_word' id='word_1_139' title='bbox 1083 3751 1149 3815; x_wconf 89' lang='lat' dir='ltr'><strong>alta</strong></span> <span class='ocrx_word' id='word_1_140' title='bbox 1162 3751 1320 3830; x_wconf 86' lang='lat' dir='ltr'><strong>ascendat,</strong></span> <span class='ocrx_word' id='word_1_141' title='bbox 1336 3767 1368 3817; x_wconf 87' lang='lat' dir='ltr'><strong>et</strong></span> <span class='ocrx_word' id='word_1_142' title='bbox 1387 3753 1428 3818; x_wconf 91' lang='lat' dir='ltr'><strong>ad</strong></span> <span class='ocrx_word' id='word_1_143' title='bbox 1447 3757 1530 3821; x_wconf 92' lang='lat' dir='ltr'><strong>obti-</strong></span> 
     </span>
     <span class='ocr_line' id='line_1_23' title="bbox 576 3851 1528 3931; baseline 0.004 -14"><span class='ocrx_word' id='word_1_144' title='bbox 576 3854 715 3918; x_wconf 89' lang='lat' dir='ltr'><strong>nendum</strong></span> <span class='ocrx_word' id='word_1_145' title='bbox 736 3875 820 3916; x_wconf 82' lang='lat' dir='ltr'><strong>verae</strong></span> <span class='ocrx_word' id='word_1_146' title='bbox 840 3851 1048 3915; x_wconf 90' lang='lat' dir='ltr'><strong>beatitudinis</strong></span> <span class='ocrx_word' id='word_1_147' title='bbox 1068 3851 1225 3931; x_wconf 83' lang='lat' dir='ltr'><strong>bravium,</strong></span> <span class='ocrx_word' id='word_1_148' title='bbox 1239 3855 1343 3916; x_wconf 90' lang='lat' dir='ltr'><strong>omnia</strong></span> <span class='ocrx_word' id='word_1_149' title='bbox 1363 3854 1424 3918; x_wconf 90' lang='lat' dir='ltr'><strong>alia</strong></span> <span class='ocrx_word' id='word_1_150' title='bbox 1444 3855 1528 3921; x_wconf 84' lang='lat' dir='ltr'><strong>felici</strong></span> 
     </span>
     <span class='ocr_line' id='line_1_24' title="bbox 574 3952 1529 4040; baseline 0.002 -21"><span class='ocrx_word' id='word_1_151' title='bbox 574 3953 760 4040; x_wconf 88' lang='lat' dir='ltr'><strong>compendio</strong></span> <span class='ocrx_word' id='word_1_152' title='bbox 770 3952 947 4018; x_wconf 86' lang='lat' dir='ltr'><strong>antecedat.</strong></span> <span class='ocrx_word' id='word_1_153' title='bbox 985 3957 1072 4018; x_wconf 91' lang='lat' dir='ltr'><strong>Dum</strong></span> <span class='ocrx_word' id='word_1_154' title='bbox 1086 3953 1195 4038; x_wconf 89' lang='lat' dir='ltr'><strong>itaque</strong></span> <span class='ocrx_word' id='word_1_155' title='bbox 1207 3967 1351 4017; x_wconf 87' lang='lat' dir='ltr'><strong>naturam</strong></span> <span class='ocrx_word' id='word_1_156' title='bbox 1364 3954 1529 4022; x_wconf 84' lang='lat' dir='ltr'><strong>foecundat</strong></span> 
     </span>
     <span class='ocr_line' id='line_1_25' title="bbox 573 4052 1529 4139; baseline 0.002 -20"><span class='ocrx_word' id='word_1_157' title='bbox 573 4056 688 4139; x_wconf 80' lang='lat' dir='ltr'><strong>gratia,</strong></span> <span class='ocrx_word' id='word_1_158' title='bbox 710 4054 791 4119; x_wconf 86' lang='lat' dir='ltr'><strong>ratio</strong></span> <span class='ocrx_word' id='word_1_159' title='bbox 813 4053 908 4118; x_wconf 83' lang='lat' dir='ltr'><strong>rebus</strong></span> <span class='ocrx_word' id='word_1_160' title='bbox 931 4052 1167 4139; x_wconf 87' lang='lat' dir='ltr'><strong>perspiciendis,</strong></span> <span class='ocrx_word' id='word_1_161' title='bbox 1188 4066 1220 4118; x_wconf 88' lang='lat' dir='ltr'><strong>et</strong></span> <span class='ocrx_word' id='word_1_162' title='bbox 1242 4055 1458 4121; x_wconf 85' lang='lat' dir='ltr'><strong>examinandis</strong></span> <span class='ocrx_word' id='word_1_163' title='bbox 1480 4056 1529 4121; x_wconf 88' lang='lat' dir='ltr'><strong>iu-</strong></span> 
     </span>
     <span class='ocr_line' id='line_1_26' title="bbox 575 4153 1529 4240; baseline 0.003 -21"><span class='ocrx_word' id='word_1_164' title='bbox 575 4156 706 4240; x_wconf 77' lang='lat' dir='ltr'><strong>vigilat3</strong></span> <span class='ocrx_word' id='word_1_165' title='bbox 731 4170 854 4221; x_wconf 84' lang='lat' dir='ltr'><strong>naturae</strong></span> <span class='ocrx_word' id='word_1_166' title='bbox 871 4153 958 4218; x_wconf 90' lang='lat' dir='ltr'><strong>sinus</strong></span> <span class='ocrx_word' id='word_1_167' title='bbox 972 4157 1106 4231; x_wconf 88' lang='lat' dir='ltr'><strong>excutit,</strong></span> <span class='ocrx_word' id='word_1_168' title='bbox 1119 4155 1251 4219; x_wconf 85' lang='lat' dir='ltr'><strong>metitur</strong></span> <span class='ocrx_word' id='word_1_169' title='bbox 1266 4155 1401 4236; x_wconf 85' lang='lat' dir='ltr'><strong>fructus,</strong></span> <span class='ocrx_word' id='word_1_170' title='bbox 1416 4170 1448 4222; x_wconf 88' lang='lat' dir='ltr'><strong>et</strong></span> <span class='ocrx_word' id='word_1_171' title='bbox 1463 4156 1529 4221; x_wconf 87' lang='lat' dir='ltr'><strong>effi-</strong></span> 
     </span>
     <span class='ocr_line' id='line_1_27' title="bbox 574 4256 1613 4342; baseline -0.002 -21"><span class='ocrx_word' id='word_1_172' title='bbox 574 4258 692 4322; x_wconf 87' lang='lat' dir='ltr'><strong>caciam</strong></span> <span class='ocrx_word' id='word_1_173' title='bbox 708 4256 922 4342; x_wconf 84' lang='lat' dir='ltr'><strong>singulorum:</strong></span> <span class='ocrx_word' id='word_1_174' title='bbox 956 4269 987 4320; x_wconf 87' lang='lat' dir='ltr'><strong>et</strong></span> <span class='ocrx_word' id='word_1_175' title='bbox 1007 4258 1137 4320; x_wconf 86' lang='lat' dir='ltr'><strong>innatus</strong></span> <span class='ocrx_word' id='word_1_176' title='bbox 1159 4256 1306 4320; x_wconf 91' lang='lat' dir='ltr'><strong>omnibus</strong></span> <span class='ocrx_word' id='word_1_177' title='bbox 1328 4278 1417 4319; x_wconf 90' lang='lat' dir='ltr'><strong>amor</strong></span> <span class='ocrx_word' id='word_1_178' title='bbox 1440 4257 1527 4331; x_wconf 90' lang='lat' dir='ltr'><strong>boni,</strong></span> <span class='ocrx_word' id='word_1_179' title='bbox 1610 4276 1613 4280; x_wconf 86' lang='grc'><em>·</em></span> 
     </span>
     <span class='ocr_line' id='line_1_28' title="bbox 574 4352 1528 4440; baseline 0 -22"><span class='ocrx_word' id='word_1_180' title='bbox 574 4355 712 4421; x_wconf 84' lang='lat' dir='ltr'><strong>naturali</strong></span> <span class='ocrx_word' id='word_1_181' title='bbox 727 4369 860 4440; x_wconf 84' lang='lat' dir='ltr'><strong>urgente</strong></span> <span class='ocrx_word' id='word_1_182' title='bbox 875 4379 907 4419; x_wconf 86' lang='lat' dir='ltr'><strong>se</strong></span> <span class='ocrx_word' id='word_1_183' title='bbox 927 4355 1086 4440; x_wconf 88' lang='lat' dir='ltr'><strong>appetitu,</strong></span> <span class='ocrx_word' id='word_1_184' title='bbox 1101 4355 1171 4431; x_wconf 91' lang='lat' dir='ltr'><strong>boc,</strong></span> <span class='ocrx_word' id='word_1_185' title='bbox 1187 4366 1242 4418; x_wconf 91' lang='lat' dir='ltr'><strong>aut</strong></span> <span class='ocrx_word' id='word_1_186' title='bbox 1259 4352 1372 4426; x_wconf 89' lang='lat' dir='ltr'><strong>solum,</strong></span> <span class='ocrx_word' id='word_1_187' title='bbox 1389 4365 1445 4416; x_wconf 92' lang='lat' dir='ltr'><strong>aut</strong></span> <span class='ocrx_word' id='word_1_188' title='bbox 1461 4375 1528 4438; x_wconf 84' lang='lat' dir='ltr'><strong>prae</strong></span> 
     </span>
     <span class='ocr_line' id='line_1_29' title="bbox 574 4451 1527 4544; baseline 0.004 -25"><span class='ocrx_word' id='word_1_189' title='bbox 574 4458 695 4523; x_wconf 75' lang='lat' dir='ltr'><strong>catoris</strong></span> <span class='ocrx_word' id='word_1_190' title='bbox 707 4459 862 4542; x_wconf 82' lang='lat' dir='ltr'><strong>sequitur,</strong></span> <span class='ocrx_word' id='word_1_191' title='bbox 872 4457 958 4543; x_wconf 88' lang='lat' dir='ltr'><strong>quod</strong></span> <span class='ocrx_word' id='word_1_192' title='bbox 970 4456 1180 4544; x_wconf 72' lang='lat' dir='ltr'><strong>percipienda</strong></span> <span class='ocrx_word' id='word_1_193' title='bbox 1189 4451 1380 4519; x_wconf 87' lang='lat' dir='ltr'><strong>beatitudini</strong></span> <span class='ocrx_word' id='word_1_194' title='bbox 1391 4455 1527 4522; x_wconf 80' lang='lat' dir='ltr'><strong>maxime</strong></span> 
     </span>
    </p>
   </div>
   <div class='ocr_carea' id='block_1_7' title="bbox 0 0 2126 5767">
    <p class='ocr_par' dir='ltr' id='par_1_7' title="bbox 0 0 2126 5767">
     <span class='ocr_line' id='line_1_30' title="bbox 0 0 2126 5767; baseline 0 4"><span class='ocrx_word' id='word_1_195' title='bbox 0 0 2126 5767; x_wconf 95' lang='lat' dir='ltr'><strong> </strong></span> 
     </span>
    </p>
   </div>
  </div>
 </body>
</html>
