4242 5767
1492 1132 1617 1193 248
1996 1151 2272 1195 somnis
2299 1151 2866 1199 SAnEsBEmstrs

1669 1301 1930 1384 Semper
1957 1313 2020 1364 et
2050 1299 2334 1385 insignit,
2365 1323 2557 1387 quem
2589 1302 2773 1368 docet
2803 1326 2936 1367 esse
2967 1326 3194 1375 suum3

1493 1401 1556 1462 N
1564 1421 1684 1464 unc
1698 1401 2049 1486 pede,nunc
2059 1401 2428 1482 oculo,nunc
2440 1402 2844 1487 lingua,nunc
2856 1405 3251 1469 humerorum
3266 1410 3394 1468 285

1669 1503 1900 1579 Gestu,
1933 1524 2100 1566 nunc
2134 1501 2353 1566 vultus
2382 1503 2656 1567 frumine
2686 1526 3007 1589 quemque
3038 1518 3236 1568 notat.

1498 1600 1832 1664 Interdum
1866 1617 2045 1667 motu
2076 1601 2304 1688 capitis
2333 1602 2672 1688 cultusque
2700 1603 2910 1687 figura

1667 1704 1808 1766 Aut
1840 1727 2102 1790 operum
2135 1726 2268 1768 sese
2298 1704 2498 1770 bestia
2528 1727 2697 1769 saiva
2725 1706 2940 1771 refert.

1496 1802 1827 1871 Erudiunt
1857 1805 2092 1887 hostes,
2119 1806 2229 1870 sed
2263 1807 2461 1871 bestia
2492 1829 2658 1871 saeva
2688 1808 3034 1893 superbum

1669 1904 1912 1973 Reddit
1943 1922 2007 1971 et
2035 1908 2270 1972 elatum
2303 1907 2520 1995 dejicit
2549 1922 2745 1995 atque
2774 1923 2972 1974 necat.
3259 1913 3389 1970 290

1496 2005 1755 2071 Proficit
1787 2009 1869 2073 ad
1901 2010 2199 2074 meritum
2234 2033 2454 2097 pugna
2485 2011 2761 2075 tenuisse
2790 2033 3109 2085 coronam,

1671 2114 2005 2199 Hosteque
2034 2127 2355 2198 prostrato
2382 2113 2583 2199 gloria
2615 2114 2817 2200 major
2846 2113 2984 2177 erit.

1495 2214 1721 2297 Pugna
1751 2214 1969 2296 gravis
1988 2214 2270 2279 fructum
2303 2238 2552 2300 magnae
2581 2214 2891 2278 mercedis
2916 2214 3198 2290 babebit,

1668 2315 1834 2377 Nam
1869 2314 2110 2379 meritis
2139 2338 2375 2379 merces
2405 2316 2604 2401 digna
2631 2314 2846 2379 labore
2877 2316 3087 2379 datur.

1497 2414 1743 2478 Militat
1774 2402 1927 2498 ergo
1958 2415 2137 2479 labor
2167 2438 2414 2500 semper
2442 2426 2872 2504 properatque
2906 2415 3127 2477 mereri
3261 2420 3388 2477 ‘295

1670 2514 1762 2576 Et
1796 2516 2017 2577 mortis
2045 2535 2298 2576 causam
2333 2513 2466 2577 sive
2496 2512 2716 2578 salutis
2746 2513 2900 2596 agit.

1497 2613 1615 2677 Ille
1647 2614 1824 2678 labor
1853 2614 2028 2679 solus
2056 2614 2206 2679 vitae
2237 2615 2467 2678 servire
2499 2615 2832 2701 probatur,

1665 2715 1875 2792 Quem
1909 2733 2117 2783 movet
2143 2731 2338 2804 atque
2368 2717 2531 2803 regit
2560 2716 2975 2803 Philosophia
3007 2737 3253 2787 comem

1495 2819 1614 2885 Ille
1645 2819 1778 2884 neci
1812 2819 2027 2897 servit,
2057 2842 2250 2907 quem
2282 2818 2695 2905 Philosophia
2722 2816 3050 2904 relinquit,

1659 2921 2465 3009 Quaminusest,quicquid
2481 2920 2998 2987 mundushabere
3011 2931 3237 3005 potest.
3259 2924 3387 2982 300

1494 3025 1560 3090 Si
1591 3025 1737 3110 quis
1766 3026 1822 3089 ei
1857 3038 2060 3089 tentat
2091 3022 2439 3108 condignas
2470 3022 2677 3086 dicere
2710 3020 2953 3096 laudes„

1666 3127 1897 3189 Deficit
1932 3126 2276 3208 ingenium,
2311 3123 2607 3208 victaque
2634 3122 2852 3205 lingua
2882 3121 3044 3195 silet,

1491 3230 1630 3292 Aut
1662 3227 1709 3290 si
1745 3249 1867 3289 non
1899 3220 2098 3303 sileat,
2129 3220 2432 3299 balbutit,
2463 3221 2668 3286 dicere
2695 3221 2912 3306 gestit,

1660 3327 1851 3404 Quod
1882 3327 2101 3411 nequit
2135 3323 2336 3401 effari,
2369 3336 2646 3410 notaque
2676 3337 2825 3388 vota
2856 3324 3028 3388 facit.

1752 3430 1937 3503 Quod
1955 3429 2355 3510 philosophia
2385 3434 2447 3490 et
2474 3431 2722 3491 caritas
2750 3434 2908 3490 sunt
2935 3428 3119 3490 idem.

1416 3580 1428 3592 .
1493 3530 1557 3595 Si
1593 3553 1778 3594 verus
1813 3533 1989 3595 Deus
2017 3542 2112 3593 est
2143 3526 2469 3592 hominum
2504 3527 2813 3613 sapientia
2844 3550 3012 3602 vera,
3260 3536 3385 3592 305

1662 3633 1852 3696 Tunc
1881 3654 2059 3695 amor
2080 3643 2173 3694 est
2211 3630 2340 3693 veri
2372 3629 2782 3715 Philosophia
2814 3633 2958 3694 Dei.

1494 3736 1583 3796 At
1612 3733 1659 3794 si
1694 3731 2084 3795 mundanum
2119 3730 2272 3795 nihil
2306 3729 2416 3794 illo
2446 3731 2654 3816 majus
2682 3752 2918 3809 amore,

1663 3836 1751 3898 Et
1783 3835 1833 3898 si
1866 3832 2122 3898 divinus
2154 3831 2363 3896 omnia
2396 3833 2589 3897 vincit
2619 3855 2817 3909 amor,

1489 3935 1758 4019 Collige,
1791 3935 1962 4020 quod
1997 3933 2304 3998 mundum
2341 3932 2728 3998 transcendit
2766 3933 3196 4018 Philosophia,

1667 4034 1990 4119 Principio
2015 4034 2201 4117 cujus
2231 4047 2474 4095 constat
2508 4032 2712 4095 inesse
2743 4032 2953 4096 fidem.
3259 4038 3385 4094 310

1493 4135 1690 4199 Plena
1719 4135 2121 4199 sacramentis
2156 4134 2454 4196 virtutem
2487 4133 2696 4218 gignit
2728 4133 2972 4220 alitque

1663 4234 1904 4298 Christi
1939 4257 2085 4298 vera
2116 4235 2296 4311 fides,
2327 4248 2509 4297 actus
2544 4250 2881 4323 utramque
2911 4237 3137 4322 probat
3167 4261 3184 4308 ;

1490 4338 1759 4424 Absque
1789 4337 2195 4401 sacramentis
2227 4358 2348 4398 non
2383 4349 2475 4400 est
2510 4336 2645 4401 haec
2679 4361 2846 4416 vera,
2877 4361 2991 4401 nec
3022 4338 3129 4401 illa

1664 4438 2021 4518 Sufficiunt,
2053 4439 2172 4502 nisi
2204 4438 2285 4502 sit
2314 4438 2396 4501 ad
2429 4438 2594 4502 bona
2625 4454 2922 4525 prompta
2956 4461 3200 4513 manuS,

1486 4541 1584 4606 Ad
1612 4541 1775 4604 bona
1798 4555 2097 4626 prompta
2117 4560 2363 4614 manuS,
2389 4539 2439 4602 si
2466 4555 2718 4625 tempus
2741 4540 2950 4618 detur,
2973 4539 3225 4617 adult03
3259 4548 3384 4604 315

1664 4642 1905 4705 Umbra
1935 4642 2109 4707 fovet
2142 4664 2396 4727 pueros,
2425 4640 2831 4727 ecclesioeque
2862 4641 3035 4706 fides,

1486 4746 1688 4805 Omne
1720 4743 2120 4807 sacramentis
2159 4763 2476 4805 summum
2511 4740 2813 4824 dependit
2850 4740 3151 4810 honorem,
