4242 5767
518 847 559 905 94
776 858 912 903 loturus
929 855 1204 902 sannsnsmausrs
1331 841 1413 920 [ms.
1431 857 1468 901 n.

516 1008 646 1073 omnino
671 1011 841 1074 verendum
869 1009 1043 1074 dialecticis
1073 1007 1257 1093 hujusmodi
1283 1007 1323 1071 ad
1351 1027 1464 1070 nornen

518 1109 695 1194 disputare,
721 1110 780 1172 nisi
807 1112 881 1196 quia
906 1109 998 1174 aliter
1023 1131 1086 1173 non
1115 1108 1214 1194 possit
1240 1108 1281 1171 de
1304 1106 1469 1193 proposito

518 1212 691 1298 disputare.
738 1214 819 1275 Sane
834 1212 864 1275 in
881 1211 1035 1287 articulis,
1053 1212 1109 1276 ubi
1125 1209 1300 1296 plurimum
1316 1210 1469 1274 dissidere

518 1313 680 1390 videntur,
692 1313 773 1378 alter
788 1312 919 1378 alterius
934 1313 1228 1399 interpretationem
1244 1312 1398 1389 admittit,
1409 1311 1468 1374 etsi

518 1439 586 1480 eam
602 1417 773 1482 oontendat
788 1440 855 1481 ease
869 1416 1020 1501 ineptam.
1063 1419 1178 1502 itaque
1193 1414 1328 1479 vicissim
1345 1414 1469 1478 ducunt

518 1519 549 1582 in
565 1518 695 1583 crimine
711 1539 896 1594 sermonem,
913 1540 974 1580 non
992 1540 1117 1581 sensum
1134 1517 1284 1581 alienum.

576 1782 655 1867 Cap.
676 1787 725 1844 19.
748 1783 793 1844 In
807 1803 869 1864 quo
885 1802 949 1844 non
965 1783 1007 1844 ait
1019 1778 1220 1863 parcendum
1236 1779 1413 1842 doctoribus

898 1883 1091 1962 hujusmodi.

565 2040 624 2101 Sm
648 2060 723 2119 ergo
748 2038 835 2122 quod
862 2039 1026 2102 sententiis
1050 2060 1190 2123 parcam,
1217 2039 1249 2101 in
1271 2040 1390 2123 quibus
1412 2061 1469 2102 nec

518 2138 591 2224 ipsi,
605 2138 631 2199 si
646 2136 921 2221 interpretationes
941 2139 1074 2201 invicem
1092 2161 1270 2224 supponere
1286 2137 1389 2212 liceat,
1406 2139 1469 2201 ‹tis-

520 2241 641 2305 sident:
666 2261 767 2324 pauca
784 2255 888 2303 tamen
910 2252 984 2303 sunt
1004 2240 1036 2302 in
1058 2240 1178 2324 quibus
1193 2240 1238 2302 eis
1253 2261 1314 2301 non
1334 2240 1470 2303 arbitror

519 2338 759 2426 ignoscendum.
821 2340 964 2403 Primum
995 2339 1082 2425 quod
1120 2363 1216 2403 onera
1253 2340 1468 2425 importabilia

520 2444 636 2508 teneris
673 2440 855 2506 auditorum
900 2440 1042 2504 humeris
1081 2444 1258 2528 imponunt.
1333 2442 1468 2523 Deinde,

520 2544 608 2632 quod
646 2543 780 2608 docendi
817 2543 927 2607 ordine
968 2543 1191 2629 praetermisso,
1228 2544 1468 2630 diligentissime

519 2658 642 2722 carent,
668 2667 709 2709 ne
738 2644 863 2730 singula
892 2666 1029 2729 quaeque
1053 2648 1155 2710 locum
1186 2653 1327 2720 teneant,
1357 2650 1471 2709 sortito

520 2751 684 2813 doemtter:
714 2749 808 2811 finem
835 2747 917 2811 enim
944 2748 1034 2822 artis,
1057 2764 1096 2812 ut
1118 2749 1163 2813 sio
1185 2747 1331 2826 dixerim,
1359 2746 1470 2829 legunt

520 2849 554 2912 iu
592 2847 699 2923 titulo,
730 2859 761 2910 et
791 2869 853 2909 non
887 2845 983 2908 modo
1019 2848 1225 2931 Topieorum,
1256 2846 1311 2908 sed
1349 2847 1470 2931 Analy-

522 2948 659 3012 ticorum
683 2959 715 3010 et
740 2945 954 3009 Eienehorum
982 2947 1046 3008 vim
1073 2945 1274 3033 Porphyrius
1299 2945 1470 3031 praedocet.

523 3053 687 3115 Postremo
711 3047 799 3134 quod
823 3048 915 3133 quasi
937 3048 978 3111 ab
1002 3047 1135 3114 adverso
1159 3061 1313 3135 petentes,
1339 3050 1471 3115 veniunt

522 3162 782 3213 contrementem
808 3148 957 3229 auctoris,
972 3161 1003 3213 et
1021 3160 1057 3213 ut
1074 3151 1264 3217 Aristoteles
1283 3151 1406 3238 planior
1420 3151 1472 3231 sit,

522 3251 665 3317 Platonis
680 3251 867 3316 seutentiam
883 3251 1008 3333 docent,
1023 3266 1081 3318 aut
1101 3275 1262 3318 erroneam
1279 3254 1470 3341 opinionem,

521 3378 597 3442 quoe
626 3378 721 3442 oequo
749 3378 855 3420 errore
870 3355 979 3421 deviat
1002 3378 1021 3418 a
1047 3359 1202 3423 sententia
1230 3357 1414 3422 Aristotelis
1439 3370 1472 3419 et

522 3458 673 3526 Platonis.
721 3459 886 3545 Siquidem
901 3482 1009 3524 omnes
1024 3459 1226 3525 Aristotelem
1242 3461 1446 3544 profitentur.

524 3709 602 3794 Cap.
614 3717 665 3773 20.
683 3714 850 3775 Sententia
859 3712 1039 3775 Aristotelia
1047 3712 1264 3792 degeneretur
1271 3719 1302 3775 et
1312 3713 1472 3794 speciebus

565 3813 805 3874 circumuallata
817 3813 998 3875 rationibus
1012 3813 1134 3887 multis,
1149 3818 1180 3875 et
1195 3812 1371 3874 multarum
1388 3812 1474 3874 testi·

567 3913 671 3975 monio
683 3913 932 3995 seripturarum.

568 4047 683 4109 Poeno
698 4043 760 4123 hic,
776 4068 892 4131 genera
911 4061 943 4112 et
963 4045 1082 4134 speeies
1096 4068 1158 4112 non
1174 4069 1252 4126 esse,
1268 4048 1323 4112 sed
1338 4047 1471 4136 intelligi

525 4157 651 4210 tantum
667 4145 806 4211 asseruit.
852 4147 938 4225 Quid
953 4169 1030 4231 ergo
1044 4146 1085 4210 ad
1100 4170 1167 4212 rem
1187 4148 1302 4214 attinet
1317 4171 1473 4235 quaerere,

525 4250 605 4333 qaut
622 4270 730 4332 genus
743 4253 797 4327 sit,
812 4249 838 4312 si
854 4249 934 4314 illud
956 4251 1085 4315 omnino
1100 4274 1163 4316 nou
1183 4275 1250 4318 esse
1272 4253 1473 4320 constiterit?

528 4354 568 4416 Iu
594 4376 632 4416 eo
657 4353 753 4428 euim,
778 4350 866 4431 quod
889 4373 951 4414 nou
977 4365 1037 4428 est,
1060 4353 1167 4438 inepte
1191 4356 1359 4439 quaeritur,
1382 4358 1474 4443 quid,

526 4466 695 4539 quantum,
709 4466 766 4516 aut
785 4451 880 4536 quale
899 4465 962 4516 est:
987 4451 1112 4518 sienim
1132 4455 1341 4521 substantiam
1363 4459 1474 4523 tuleris
