4242 5767
558 807 600 867 78
803 820 939 865 somnus
954 817 1232 863 saussamurcusrs
1371 800 1452 880 [mn.
1469 820 1506 865 u.

554 967 835 1056 pertinentibusad
846 968 1023 1055 physicam,
1033 991 1118 1055 saepe
1128 968 1292 1055 loquatur,
1304 978 1337 1031 et
1346 969 1505 1033 multum?

558 1070 620 1135 Sed
636 1070 692 1156 qui
707 1070 748 1135 ad
770 1070 830 1134 hoc
850 1069 1050 1150 convalescit,
1073 1069 1174 1156 magis
1195 1082 1321 1156 poterat
1341 1083 1507 1155 aegrotare.

557 1173 637 1249 Quis
648 1171 772 1236 ethicus
783 1192 907 1236 morum
924 1171 1055 1256 regulis,
1068 1171 1145 1236 dum
1161 1171 1193 1235 in
1210 1170 1320 1255 lingua
1331 1186 1507 1251 versantur,

554 1294 618 1337 non
631 1273 796 1338 abundat?
829 1272 892 1339 Sed
907 1272 1002 1358 plane
1017 1272 1111 1359 longe
1122 1270 1282 1336 difficilius
1293 1284 1341 1335 est
1354 1274 1506 1356 utexpri-

554 1390 681 1438 mantnt
695 1376 727 1438 in
745 1374 822 1440 vita.
864 1375 1044 1439 Mecbanici
1059 1375 1200 1460 opifices,
1216 1371 1308 1438 facile
1323 1373 1440 1458 singuli
1462 1373 1507 1436 lo-

552 1486 699 1560 quuntur
721 1475 762 1539 de
784 1474 906 1539 artibus
929 1474 1005 1552 suis,
1028 1475 1083 1539 sed
1110 1498 1202 1539 nemo
1224 1497 1333 1539 eorum
1357 1491 1421 1539 tam
1445 1473 1506 1537 lesi

550 1597 648 1661 opera
669 1575 881 1640 architectum
904 1589 1042 1651 exercet,
1064 1589 1121 1640 aut
1144 1575 1295 1663 pugilem.
1339 1574 1430 1641 Idem
1461 1590 1509 1639 est

551 1675 584 1739 in
607 1674 748 1762 reliquis.
794 1677 848 1742 Sic
871 1675 912 1740 de
933 1675 1129 1756 definitione,
1150 1689 1206 1742 aut
1222 1677 1431 1762 argumentis,
1452 1690 1509 1741 aut

551 1799 677 1862 genere,
689 1790 723 1841 et
738 1777 895 1842 similibus
910 1778 1011 1864 loqui,
1026 1777 1216 1845 facillimum
1231 1792 1294 1844 est:
1319 1778 1374 1844 sed
1384 1777 1507 1852 eadem,

550 1877 592 1942 ad
607 1879 686 1941 artis
708 1878 903 1963 explendum
922 1881 1074 1952 officium,
1091 1880 1122 1943 in
1147 1880 1281 1966 singulis
1303 1881 1510 1947 facultatibus

553 1975 707 2051 invenire,
736 1977 832 2061 longe
853 1976 1024 2041 difficilius.
1069 1980 1158 2062 Ergo
1190 1978 1246 2065 qui
1269 1978 1508 2064 disciplinarum

555 2074 663 2159 inopia
687 2075 856 2160 premitur,
880 2074 1003 2161 copiam
1026 2097 1124 2160 quam
1147 2077 1325 2141 Dialectica
1344 2077 1512 2163 pollicetur

553 2185 586 2238 et
601 2186 745 2260 praestat,
761 2196 823 2238 non
839 2173 980 2238 habebit.

555 2377 636 2462 Cap.
655 2382 701 2442 10.
728 2379 872 2453 Quorum
887 2379 1080 2442 auctoritate
1092 2379 1317 2461 precedentis,
1333 2386 1365 2442 et
1378 2401 1511 2462 sequere·

920 2479 978 2554 tia,
993 2487 1144 2544 constent.

598 2595 705 2671 Quurs
733 2594 885 2682 primum,
910 2593 1092 2658 adolescens
1118 2594 1304 2675 admodum,
1326 2595 1505 2661 studiorum

550 2719 647 2761 causa
675 2696 860 2781 migrassem
883 2699 915 2761 in
940 2695 1073 2775 Gallias,
1103 2718 1185 2760 anno
1215 2697 1315 2761 altero
1337 2710 1507 2781 postquam

551 2795 685 2860 illustris
700 2817 757 2857 rex
777 2795 956 2877 Anglorum
974 2797 1149 2871 Henricus,
1166 2800 1231 2860 Leo
1247 2794 1396 2880 justitiae,
1412 2795 1507 2860 rebus

549 2896 684 2959 excessit
708 2895 866 2969 humanis,
889 2894 1010 2959 contuli
1034 2918 1085 2958 me
1107 2895 1148 2958 ad
1173 2897 1424 2980 Peripateticum
1447 2899 1508 2961 Pa·

553 2993 699 3067 latinum,
724 2994 780 3079 qni
797 3007 874 3057 tunc
896 2994 928 3058 in
949 3007 1056 3058 monte
1079 3005 1196 3058 sanctie
1213 2995 1388 3061 Genoveiae
1402 2997 1506 3062 clarus

550 3094 675 3170 doctor,
702 3107 734 3158 et
754 3093 950 3158 admirabilis
970 3094 1119 3159 omnibus
1139 3095 1340 3183 praesidebat.
1386 3099 1449 3181 Ibi,
1467 3101 1508 3164 ad

551 3195 649 3283 pedes
663 3196 743 3282 ejus,
759 3194 863 3280 prima
877 3195 953 3260 artis
970 3195 1067 3280 hujus
1078 3196 1260 3264 rudimenta
1269 3201 1386 3288 accepi,
1401 3215 1433 3266 et
1449 3223 1508 3287 pro

551 3296 683 3362 modulo
698 3295 846 3382 ingenioli
863 3297 935 3375 mei,
951 3297 1105 3384 quicquid
1121 3300 1288 3367 excidebat
1303 3302 1344 3368 ab
1356 3325 1410 3367 ore
1425 3304 1506 3389 ejus,

552 3410 620 3463 tota
639 3398 754 3461 mentis
768 3396 921 3463 aviditate
940 3397 1149 3483 excipiebam.
1194 3402 1330 3483 Deinde,
1344 3414 1420 3489 post
1442 3403 1507 3468 dis·

550 3518 672 3560 cessum
688 3496 769 3582 ejus,
793 3496 849 3580 qui
873 3494 951 3559 mihi
972 3517 1196 3584 praeproperus
1212 3499 1298 3564 visus
1311 3513 1371 3577 est,
1385 3499 1506 3566 adhaesi

550 3596 706 3681 magistro
734 3596 889 3673 Aldcrico,
914 3596 971 3681 qui
996 3597 1080 3662 inter
1105 3611 1237 3663 caeteros
1264 3603 1508 3683 opinatmaimua

552 3695 747 3761 Dialecticus
767 3695 920 3774 enitebat,
941 3712 974 3761 et
997 3709 1066 3761 erat
1089 3719 1199 3762 revera
1219 3702 1395 3764 noscentis
1415 3711 1507 3766 sectae

551 3797 722 3862 acerrimus
744 3797 960 3883 impugnator.
1006 3797 1057 3862 Sic
1073 3797 1172 3862 ferme
1197 3811 1265 3864 toto
1280 3799 1409 3865 biennio
1431 3825 1505 3867 con·

551 3914 696 3966 versatus
718 3898 750 3963 iu
781 3912 898 3978 monte,
921 3902 999 3966 artis
1029 3901 1127 3988 bujus
1149 3901 1402 3988 preceptoribus
1426 3926 1503 3969 usus

551 4024 621 4067 sum
646 4000 807 4078 Alberico,
830 4013 863 4064 et
885 4001 1038 4086 magistro
1067 4002 1212 4068 Roberto
1241 4004 1443 4079 Meludeusi,·
1467 4022 1504 4071 ut

550 4101 738 4191 cognomine
757 4101 955 4186 designetur,
971 4103 1059 4189 quod
1081 4104 1197 4168 meruit
1213 4105 1246 4167 in
1262 4104 1439 4170 scholarum
1455 4128 1504 4171 re·

550 4204 668 4293 gimine
692 4203 831 4284 (natione
853 4202 1011 4288 siquidem
1042 4204 1226 4291 Angligena
1248 4218 1296 4270 est
1307 4210 1333 4290 z)
1364 4229 1501 4293 quorum

550 4308 631 4372 alter
645 4305 805 4370 adomnia
819 4303 1038 4392 scrupulosus,
1056 4305 1160 4370 locum
1177 4307 1364 4393 questionis
1383 4309 1502 4375 inveni·

550 4408 624 4474 ebat
640 4406 782 4493 ubique:
808 4419 843 4471 ut
854 4405 1001 4491 quamvis
1015 4404 1118 4492 polita
1131 4407 1294 4493 planicies,
1311 4410 1502 4483 offendiculo
