4242 5767
462 943 465 947 Ι
580 864 644 924 089
837 878 974 925 ioannis
990 877 1271 924 saaasnnruansis

669 1035 796 1098 Crimen
814 1031 961 1096 adulterii
978 1031 1023 1092 nil
1039 1030 1103 1092 nisi
1118 1030 1214 1093 ludus
1229 1044 1305 1094 erat.

579 1134 680 1197 Silvia
695 1135 860 1206 Quartillae
875 1133 983 1210 cessit,
1000 1132 1160 1195 Laumnia
1176 1130 1291 1209 Florae,

665 1235 817 1319 Syllaque
834 1234 909 1298 dnm
926 1233 1037 1314 viguit,
1052 1229 1142 1296 nulla
1159 1233 1278 1296 Sabina
1293 1234 1362 1295 suit.

578 1337 644 1400 Hic
661 1337 759 1401 metui
775 1336 928 1417 gaudens,
944 1334 1179 1416 dedignabatur
1195 1335 1304 1412 amari,

662 1437 796 1502 Vicinos
812 1435 964 1520 subigens
979 1456 1121 1515 munere,
1136 1436 1257 1515 fraude,
1273 1437 1366 1499 dolis.
1445 1441 1529 1498 1040

855 1542 908 1603 De
919 1556 1002 1621 poce
1015 1546 1243 1620 tyrannorum.

577 1641 639 1704 llla
654 1653 859 1723 tyrannorum
874 1660 942 1723 pax
956 1650 1015 1716 est,
1030 1649 1066 1701 ut
1080 1659 1176 1701 nemo
1193 1641 1354 1714 reclamet,

663 1741 829 1828 Quidquid
843 1750 952 1822 agant,
966 1741 1093 1824 possint
1108 1739 1227 1819 omnia,
1235 1742 1312 1826 jura
1325 1740 1417 1803 nihil.

574 1845 597 1908 J
600 1865 654 1907 ura
670 1855 795 1918 vacant,
810 1863 917 1907 sacras
932 1845 1021 1925 leges
1036 1842 1149 1907 evertit
1162 1844 1292 1920 abusus,

665 1945 755 2006 Velle
771 1964 863 2006 sunm
879 1950 1024 2006 statuunt
1032 1942 1118 2025 juria
1133 1941 1251 2006 habere
1266 1944 1384 2005 locum.

576 2047 649 2109 Tali
658 2046 786 2129 justitia
799 2045 970 2128 perhibent
985 2044 1124 2126 viguisse
1139 2046 1276 2122 leonem,
1444 2047 1530 2106 lato

664 2145 873 2226 Praepositum
888 2144 1019 2225 reliquis
1034 2143 1140 2205 dicere
1149 2143 1227 2226 jura
1240 2144 1324 2206 seris.

573 2245 720 2308 Libertas
735 2245 805 2308 hoec
822 2255 872 2306 est
887 2244 999 2324 populi
1015 2242 1202 2306 dominante
1218 2255 1363 2324 tyranno,

660 2347 718 2423 Ut,
734 2345 821 2430 quod
837 2343 1032 2428 praecipitur,
1049 2343 1186 2426 quilibet
1200 2355 1292 2426 optet
1305 2343 1402 2407 idem.

574 2449 639 2521 Qui
653 2448 749 2510 nimis
765 2457 857 2529 optat
871 2467 950 2529 opes
966 2457 1021 2510 aut
1036 2443 1156 2509 cultum
1172 2446 1257 2527 regis
1271 2446 1385 2529 iniqui,

660 2551 698 2612 In
714 2550 821 2612 scelus
832 2568 926 2611 omne
936 2548 1010 2623 ruit,
1020 2567 1140 2632 pronus
1156 2543 1198 2611 ad
1209 2568 1303 2609 omne
1315 2547 1422 2624 nefas;
1443 2555 1528 2614 1350

577 2649 691 2717 Hostia
705 2663 863 2731 censetur,
880 2651 1026 2735 quisquis
1042 2671 1133 2714 sacra
1142 2650 1218 2733 jura
1234 2660 1349 2728 tuetur,

662 2756 822 2818 Praevenit
835 2755 949 2817 officiis
958 2754 1052 2837 jussa
1067 2753 1173 2817 fidelia
1191 2774 1288 2816 amor.

575 2857 722 2921 Perfidiae
738 2877 839 2937 genna
853 2864 902 2918 est
917 2853 1039 2937 aliquid
1054 2854 1235 2917 discernere
1244 2854 1382 2937 jussum,

659 2958 704 3020 Et
719 2957 825 3019 scelus
840 2963 891 3017 est
904 2953 1035 3037 aliquod
1050 2954 1253 3037 pertimuisse
1269 2957 1383 3019 scelus.

712 3057 1016 3135 coarctantque
1032 3054 1235 3118 cancellario
1246 3054 1385 3135 placent.

575 3159 610 3222 Si
626 3159 724 3221 virtus
737 3157 880 3220 animum
895 3157 1071 3240 componit,
1086 3156 1250 3240 formaque
1269 3159 1336 3220 veri
1443 3164 1526 3223 laon

660 3260 832 3342 Linguam,
847 3258 875 3323 si
891 3259 995 3322 foreat
1009 3259 1110 3340 gratia
1124 3271 1226 3322 mater
1241 3279 1336 3342 opus,

574 3362 669 3425 Tunc
685 3361 806 3424 vindex
821 3380 905 3424 veroa
921 3371 952 3423 te
967 3361 1121 3424 libertatis
1136 3360 1259 3424 amabit

659 3463 705 3526 Et
718 3463 817 3526 saciet
830 3473 935 3526 tutum
951 3462 1096 3545 qualibet
1112 3462 1156 3525 ire
1172 3463 1234 3525 via.

572 3567 647 3629 Hoc
663 3563 747 3628 duco
762 3575 851 3628 tutus
865 3554 928 3626 e'ris
942 3564 976 3626 in
993 3565 1142 3641 claustro,
1157 3575 1244 3628 tutus
1260 3566 1292 3627 in
1310 3567 1392 3643 aula,

657 3666 761 3728 Tutus
775 3665 808 3726 in
824 3664 961 3736 insidiis,
977 3664 1122 3747 undiquc
1137 3676 1226 3729 tutus
1242 3667 1315 3728 eris.
1439 3672 1522 3730 1300

572 3763 637 3828 Hic
653 3776 712 3839 est,
727 3765 783 3845 qui
799 3766 876 3827 cleri
892 3785 951 3847 pro
966 3766 1114 3828 libertate
1130 3766 1252 3829 tuenda

656 3862 883 3943 Mandrogoro,
898 3865 1004 3944 gravis
1019 3879 1069 3928 est
1084 3867 1365 3948 complicibusque
1380 3871 1460 3946 anis,

896 3963 949 4026 De
962 3964 1187 4045 Mandropero.

570 4068 799 4150 Mandrogero,
815 4066 873 4148 qui
887 4087 920 4129 se
934 4067 1040 4128 solum
1055 4087 1180 4129 serrare
1196 4088 1348 4131 coronam
1365 4124 1367 4128 .

656 4172 700 4235 Et
712 4172 821 4253 legum
836 4169 925 4252 regni
933 4166 1064 4252 jactitat
1079 4189 1149 4230 ease
1166 4180 1299 4251 patrem,

568 4276 633 4349 Qui
649 4275 688 4350 (si
704 4271 861 4338 falsidicis
875 4269 1082 4353 credendum)
1093 4270 1166 4356 jura
1181 4283 1287 4337 tuetur
1434 4278 1516 4336 1360

655 4377 793 4457 Integra,
808 4396 873 4460 quo
888 4397 947 4459 per
961 4396 1033 4438 eum
1049 4375 1157 4458 regius
1170 4386 1278 4439 exstet
1293 4375 1406 4451 honor,

567 4476 794 4557 Mandrogero,
808 4498 926 4540 nomen
942 4497 1035 4560 quem
1051 4477 1208 4541 libertatis
1222 4476 1337 4554 adurit,
