4242 5767
572 893 591 947 o
909 900 1014 947 rsusx
1030 898 1188 945 cAPI'rurt.

578 1053 618 1105 21.
638 1051 717 1113 Quod
740 1052 766 1102 irr
792 1050 1005 1122 praecedentibus,
1029 1052 1079 1102 etsi
1103 1066 1154 1101 uon
1178 1045 1347 1111 sufficiomter,
1374 1046 1534 1101 Aristoteles

683 1135 781 1204 aliquid
792 1135 1015 1207 hypotheticorum
1027 1135 1195 1187 seminarium
1207 1133 1289 1185 dedit.

580 1224 623 1275 22.
643 1222 685 1273 De
697 1221 852 1291 Sophistieu‚
864 1226 892 1272 et
903 1219 1019 1273 utilitate
1031 1221 1096 1290 ejus.

581 1308 623 1360 23.
643 1305 685 1358 Do
698 1305 852 1376 Sophistiois
864 1304 995 1357 Eleuehis.

579 1393 622 1443 24.
642 1390 684 1443 De
694 1391 736 1443 his
747 1392 791 1461 qui
804 1390 954 1443 Aristotelis
965 1408 1044 1462 opero
1054 1396 1171 1459 carpunt.

579 1475 621 1528 25.
641 1475 719 1537 Quod
726 1474 882 1528 Cornificius
889 1476 995 1528 Bromio
1006 1491 1093 1527 scurra
1103 1473 1218 1526 Deorum
1226 1473 1299 1525 vilior
1309 1479 1361 1526 est:
1375 1483 1402 1526 et
1411 1472 1445 1526 de
1454 1473 1532 1527 leude

683 1559 776 1628 logicoe
786 1560 848 1630 quid
861 1560 1034 1627 Augustinus,
1046 1564 1074 1610 et
1084 1558 1130 1610 clii
1145 1557 1304 1629 Philosophi.

581 1647 622 1699 26.
642 1644 721 1708 Quod
740 1646 847 1698 oonsilio
864 1645 989 1698 utendum
1008 1646 1044 1697 sit
1064 1644 1186 1696 cdrersus
1206 1661 1275 1710 eum,
1297 1650 1325 1697 ct
1346 1650 1486 1715 protervos,
1505 1651 1532 1698 et

688 1730 896 1784 calumniatores.

581 1818 623 1874 27.
642 1817 720 1879 Quod
732 1816 890 1869 Aristoteles
901 1818 929 1868 iu
941 1815 1028 1869 multis
1040 1815 1144 1879 enavit,
1156 1816 1224 1882 quod
1235 1814 1263 1865 in
1276 1812 1376 1881 Logicc
1387 1813 1492 1867 eminet.

581 1900 623 1954 28.
643 1900 779 1962 Quomodo
792 1917 824 1951 eo
835 1901 870 1951 sit
881 1901 1016 1952 utendum.

582 1985 624 2037 29.
644 1984 722 2046 Quod
735 1985 869 2035 temeritas
877 1983 1059 2036 odolescentiae
1071 1984 1245 2054 reprimendo:
1259 1988 1287 2036 et
1297 2000 1377 2054 quere
1387 1982 1533 2036 Mercurius

686 2070 798 2121 societur
810 2069 983 2137 Philologiae?
1001 2076 1029 2121 et
1040 2086 1098 2139 quse
1109 2070 1162 2121 sint
1173 2071 1300 2142 praeoipue
1313 2069 1477 2142 expetendo?

482 2150 489 2161 '
580 2152 623 2204 30.
644 2152 728 2204 ldem.

581 2236 625 2291 31.
644 2236 722 2297 Quod
742 2235 890 2304 Philologio
907 2235 972 2289 ulios
989 2237 1053 2289 duos
1071 2237 1209 2308 proecedit:
1237 2242 1265 2290 et
1281 2254 1339 2306 qun
1356 2237 1392 2289 sit
1408 2237 1530 2309 predicu-

685 2319 806 2372 mentulis
818 2321 943 2391 inspectio
954 2321 1087 2391 sequendo
1097 2323 1125 2373 iu
1137 2321 1296 2375 discussione
1307 2321 1414 2374 rationis
1426 2326 1453 2373 et
1464 2322 1530 2375 veri·

686 2406 766 2456 totis?

580 2490 622 2542 32.
642 2491 713 2551 Quid
726 2491 791 2541 rotio
803 2492 941 2561 primitivo,
954 2498 981 2544 et
993 2493 1026 2544 do
1038 2493 1116 2544 variis
1127 2493 1204 2543 sectis
1216 2489 1462 2563 philosophantium.

581 2578 623 2627 33.
643 2576 714 2637 Quid
735 2577 769 2627 sit
789 2578 882 2629 rationi
900 2579 1069 2641 contrarium
1097 2584 1124 2630 et
1144 2579 1213 2647 quod
1229 2576 1318 2629 multis
1335 2578 1419 2630 modis
1439 2577 1532 2630 dicitur

685 2660 764 2711 rotie:
784 2665 811 2711 et
822 2677 880 2729 quae
891 2661 1004 2713 rationes
1016 2662 1138 2712 aetemae?

580 2746 622 2796 34.
642 2746 719 2806 Quod
736 2745 814 2797 homo
831 2744 973 2816 perfectum
987 2764 1039 2799 nou
1053 2746 1151 2798 hebeat
1166 2746 1307 2807 rationem
1325 2750 1352 2796 et
1363 2743 1430 2814 quod
1442 2762 1529 2797 rerum

685 2827 861 2897 multiplieiter
871 2831 971 2882 dieitur.

579 2913 622 2964 36.
642 2913 721 2967 Unde
733 2916 832 2968 ‹lie-atur
843 2934 940 2979 verum,
950 2922 977 2968 et
988 2916 1049 2984 quid
1062 2918 1167 2981 veritus,
1178 2916 1277 2985 etquid
1288 2917 1344 2988 ejus
1355 2915 1531 2968 eontrarium?

580 2996 623 3047 36.
643 2995 711 3048 Item
721 2998 754 3049 do
763 2998 839 3062 ceris,
851 3005 878 3051 et
888 3000 954 3067 quod
967 2998 1043 3051 aliter
1052 2999 1171 3052 dicuntur
1181 3017 1239 3053 esse
1248 3017 1298 3064 res,
1306 2997 1382 3051 aliter
1390 3016 1530 3064 sermones,

687 3081 764 3133 olitor
775 3100 847 3134 vcro:
866 3088 892 3135 et
905 3083 1048 3151 quomodo?

579 3164 805 3221 dividerentur
828 3185 916 3220 eorum
939 3184 997 3235 quae
1020 3184 1081 3219 vere
1103 3174 1172 3230 sunt,
1194 3174 1221 3221 et
1244 3187 1302 3238 quoe
1321 3170 1441 3222 videntur
1463 3187 1530 3236 esse,

685 3253 825 3305 secuudum
837 3253 994 3305 Platonicos.

579 3335 622 3388 38.
641 3336 718 3399 Quod
737 3337 814 3390 aliter
833 3355 884 3401 res,
903 3336 979 3389 aliter
997 3339 1093 3410 opinio,
1112 3336 1188 3390 sliter
1205 3337 1309 3404 locutio,
1326 3357 1388 3392 rere
1408 3339 1448 3394 rel
1463 3341 1531 3394 sulse

685 3424 790 3478 dieitur:
809 3430 837 3478 et
852 3443 930 3494 quare
945 3424 1088 3478 locutiones
1102 3425 1259 3495 hujusmodi,
1272 3431 1299 3476 et
1313 3425 1430 3478 modales
1441 3428 1528 3498 appel-

685 3510 789 3564 lentur?

581 3592 624 3643 39.
644 3593 686 3644 lle
695 3594 861 3646 Cohaereutie
869 3595 976 3645 rutirrnis
985 3595 1178 3657 etveritotis,et
1186 3596 1298 3647 breviter
1306 3595 1367 3665 quid
1376 3600 1528 3665 utrumque?

581 3675 623 3726 so.
644 3676 713 3728 lteru
732 3677 764 3728 de
786 3679 891 3729 eodem:
922 3684 948 3729 et
966 3678 1034 3746 quod
1054 3696 1103 3731 uec
1126 3681 1200 3744 rutio,
1218 3699 1266 3733 uec
1283 3682 1379 3734 veritas
1402 3685 1529 3736 contrario

686 3761 800 3830 suscipit.

581 3842 624 3892 41.
645 3843 687 3893 rid
706 3845 768 3911 quid
782 3844 1011 3915 Peripateticorum
1030 3852 1057 3898 et
1075 3848 1189 3899 oruuiuur
1207 3855 1277 3900 recte
1295 3848 1528 3921 philosophantium

688 3928 778 3980 tendat
788 3929 911 3983 intentio:
930 3938 957 3982 et
969 3930 1002 3983 do
1013 3938 1072 3983 octo
1083 3932 1223 3985 obstaculis
1233 3934 1423 4001 intelligentius.

583 4012 625 4063 ll.
646 4011 722 4072 Quod
741 4013 852 4065 visibilia
871 4022 1023 4081 arguments
1041 4018 1164 4070 mundum
1183 4020 1290 4071 vonituti
1309 4020 1453 4092 subjeetum
1472 4040 1528 4076 esso

688 4098 847 4161 convincunt,
863 4104 889 4150 et
901 4116 957 4167 queo
970 4118 1046 4152 eouso
1057 4100 1134 4154 fuerit
1145 4102 1186 4154 hic
1198 4102 1306 4157 finiendi
1316 4104 1428 4158 librum?
