4242 5767
608 868 672 926 270
867 879 1005 925 rasurus
1021 877 1300 925 smmnnnrnusrs

694 1030 844 1115 Quinque
859 1053 949 1095 suum
966 1053 1083 1096 munus
1097 1031 1303 1114 philosophia
1318 1034 1407 1114 gerit.

608 1133 744 1196 Additur
758 1133 810 1196 bis
824 1133 921 1196 series
937 1154 1106 1197 causarum
1121 1134 1173 1197 vel
1187 1134 1359 1210 rationum,
1495 1139 1563 1198 965

694 1234 783 1305 Quas
797 1233 978 1297 intellectus
992 1253 1121 1297 cernere
1136 1234 1225 1297 solus
1239 1232 1349 1298 habet.

607 1334 858 1418 Multiplicando
873 1334 1003 1398 modum
1018 1336 1123 1398 nescit
1138 1334 1239 1398 virtus
1253 1356 1468 1415 numerorum,

695 1438 740 1500 Et
754 1436 851 1500 finem
866 1437 993 1517 magnis
1008 1436 1111 1500 sectio
1126 1437 1217 1501 nulla
1231 1437 1318 1501 facit.

609 1539 735 1603 Crescit
748 1538 782 1600 in
797 1538 987 1600 immensum
1003 1558 1166 1614 numerus,
1180 1538 1249 1601 sine
1264 1535 1329 1602 fine
1345 1539 1475 1602 resolvit

695 1640 891 1704 Continuum
905 1638 1055 1723 quodvis,
1070 1638 1128 1702 sed
1141 1639 1264 1703 ratione
1279 1650 1397 1722 potest.
1497 1646 1564 1705 9⁷0

609 1741 703 1816 Quod
715 1742 883 1821 ingenium
896 1741 1034 1802 hominia
1043 1742 1131 1803 circa
1142 1741 1251 1822 pdma
1262 1747 1295 1804 et
1308 1741 1423 1804 ultima
1438 1742 1562 1824 deficit

608 1843 729 1906 Deficit
743 1842 918 1922 ingenium,
932 1863 1031 1925 quum
1046 1841 1149 1906 tendit
1162 1842 1203 1905 ad
1219 1843 1348 1919 ultima3
1370 1844 1469 1919 solus,

694 1946 758 2018 Qui
772 1944 852 2008 lacit
865 1956 962 2028 atque
977 1945 1069 2027 regit,
1084 1943 1188 2028 prima
1204 1941 1312 2009 videre
1326 1956 1444 2029 potest,

609 2047 768 2127 Cognitus
783 2046 836 2108 ille
851 2046 911 2108 sibi
926 2047 1022 2128 plene
1037 2047 1178 2129 solisque
1193 2047 1297 2110 beatis

694 2143 877 2229 spiritibus,
893 2155 1048 2228 quantum
1064 2146 1165 2227 matis
1180 2147 1298 2230 cuique
1314 2147 1407 2210 lavet.

609 2247 679 2309 Nec
695 2245 736 2309 de
751 2245 921 2328 principiis
935 2255 1021 2308 recte
1038 2267 1167 2310 censere
1182 2249 1297 2312 licebit
1495 2252 1561 2310 975

695 2348 814 2412 Praeter
827 2366 912 2422 eum,
928 2346 983 2429 qui
996 2345 1052 2409 dat
1067 2349 1216 2411 omnibus
1232 2370 1303 2412 esse
1319 2370 1421 2412 suum.

913 2446 967 2510 De
980 2449 1093 2511 anima
1108 2449 1256 2512 bominis.

610 2553 706 2614 Mens
720 2549 869 2627 hominis,
884 2571 1036 2614 numerus
1053 2551 1192 2634 simplex
1208 2561 1366 2635 aptusque
1381 2572 1506 2613 movere

696 2649 784 2730 Sese,
798 2651 973 2715 conformis
988 2652 1105 2716 dicitur
1119 2674 1189 2716 esse
1204 2655 1286 2716 Deo.

610 2757 696 2818 Nam
713 2755 803 2817 Deus
818 2769 854 2819 ut
868 2754 1023 2818 mundum
1038 2766 1142 2817 totum
1157 2756 1248 2836 regit,
1262 2756 1373 2838 implet
1387 2764 1420 2817 et
1433 2755 1548 2832 ambit,

695 2857 749 2920 Sic
765 2856 880 2920 animae
896 2876 1014 2938 corpus
1029 2855 1177 2919 subditur
1191 2879 1286 2920 omne
1302 2878 1378 2921 suae.
1497 2859 1564 2918 980

609 2958 762 3022 Materies
778 2957 893 3019 animer
910 2954 1035 3018 diversa
1050 2957 1171 3036 subest,
1186 2958 1364 3043 eademque

698 3057 752 3118 Ex
767 3054 935 3118 individuo
951 3065 1000 3118 est
1015 3055 1213 3142 dividuoque
1229 3060 1335 3134 simul,

608 3159 762 3242 Moleque
777 3176 930 3238 corporea
943 3158 1097 3241 premitur
1112 3159 1209 3222 virtus
1225 3160 1413 3236 animamm,

697 3259 786 3322 Hinc
803 3257 916 3340 magis,
930 3258 1007 3322 inde
1022 3260 1139 3338 minus,
1155 3271 1191 3324 ut
1205 3282 1280 3324 caro
1289 3259 1405 3342 juncta
1419 3259 1505 3322 sinit.

763 3358 817 3421 Dc
831 3365 916 3422 motu
930 3360 1118 3424 rationabili
1131 3367 1162 3424 et
1177 3361 1402 3430 irrationabili.

610 3463 756 3547 Suntque
772 3461 838 3524 duo
852 3473 958 3524 motus
974 3482 1124 3524 erroneus
1139 3473 1172 3525 et
1185 3463 1328 3539 rationis,
1498 3463 1563 3522 985

701 3564 764 3625 Ηίο
780 3562 865 3642 viget
879 3561 913 3623 in
929 3561 1072 3639 summis,
1089 3561 1222 3626 altered
1237 3562 1302 3624 ime
1316 3561 1419 3626 trahit„

625 3666 677 3726 Da
690 3663 931 3725 immortalitate
944 3662 1068 3726 animae
1081 3669 1114 3726 et
1127 3682 1293 3745 corporum
1309 3663 1548 3727 mareoticae.

612 3764 694 3827 Sunt
708 3765 901 3825 immortales
916 3764 1044 3843 animae,
1061 3785 1242 3849 corpusque
1257 3764 1417 3829 caducum

699 3862 824 3936 lnterlt,
838 3873 872 3923 et
885 3863 1014 3926 tandem
1030 3865 1166 3946 pristine
1181 3866 1244 3928 vita
1259 3865 1350 3929 redit.

939 3962 993 4026 De
1007 3985 1125 4045 magna
1138 3986 1237 4031 anno.

612 4065 751 4129 Pristins
765 4063 830 4125 vita
845 4061 936 4139 redit,
951 4083 1051 4146 quum
1066 4069 1172 4147 magni
1189 4067 1342 4130 terminus
1356 4069 1432 4132 anni

683 4165 734 4229 Ad
750 4164 886 4248 primum
903 4179 1029 4227 revocat
1045 4166 1149 4228 sidera
1165 4180 1283 4230 cuncta
1298 4169 1414 4231 locum.
1499 4175 1566 4233 990

613 4271 726 4332 Annus
741 4281 816 4330 tunc
833 4278 964 4330 renovat
978 4287 1080 4329 novus
1095 4269 1213 4343 omnia,
1229 4290 1363 4352 corpora
1378 4290 1485 4333 rursus

701 4368 874 4450 Accipiunt
889 4368 1015 4445 animae,
1029 4383 1175 4452 tempora
1189 4371 1259 4449 lege
1274 4371 1385 4434 fluunt

614 4471 650 4532 si
665 4480 820 4531 renovant
835 4468 989 4531 mnndum
1004 4471 1083 4534 solis
1096 4472 1246 4552 lunaeque
1263 4490 1422 4546 recursus,
