4242 5767
669 905 710 963 48
925 913 1355 976 soanurssnnasuanmusrs
1495 894 1577 974 [nra.
1595 916 1616 960 r.

668 1064 746 1130 dum
773 1066 976 1152 aliquatenus
1003 1067 1124 1133 recedit
1150 1068 1192 1131 ab
1215 1079 1361 1152 utroque,
1387 1087 1449 1129 non
1474 1066 1559 1132 cadit
1583 1066 1615 1128 in

668 1169 853 1234 alterutrius
878 1168 1042 1233 rationem.
1089 1169 1208 1232 Omnes
1230 1166 1339 1254 itaque
1363 1179 1545 1252 sequuntur
1571 1189 1619 1229 ar-

670 1285 746 1348 tem,
769 1270 845 1354 quia
866 1271 1071 1356 praecipitur,
1093 1269 1254 1334 declinant
1271 1269 1395 1345 vitium,
1417 1269 1493 1352 quia
1512 1268 1619 1353 prohi-

580 1376 582 1378 ’
669 1371 781 1436 betur:
806 1373 861 1437 sed
877 1372 1020 1438 nonnulli
1035 1372 1147 1458 figuris
1163 1385 1308 1448 utuntur,
1320 1371 1395 1458 quia
1410 1369 1618 1458 permittitur.

670 1474 753 1537 Nam
777 1477 862 1540 inter
886 1475 973 1556 vitia,
996 1477 1242 1540 Borborismum
1267 1473 1396 1546 scilicet,
1420 1485 1453 1536 et
1478 1473 1621 1538 Soloect's-

670 1599 768 1652 mum,
795 1592 827 1643 et
854 1594 966 1655 artem,
991 1601 1064 1663 quae
1091 1578 1192 1644 virtus
1217 1576 1335 1662 eloquii
1360 1588 1407 1640 est
1437 1589 1469 1640 et
1499 1598 1621 1652 norma,

669 1678 793 1764 figurae,
812 1694 844 1744 et
868 1680 1029 1745 schemata
1052 1693 1137 1745 sunt.
1181 1679 1417 1762 Metuplosmue
1440 1677 1569 1754 scilicet,
1593 1681 1619 1742 si

670 1780 792 1846 ratione
813 1796 960 1866 peccetur
979 1782 1011 1845 in
1028 1783 1145 1846 verbo:
1170 1784 1306 1860 schema,
1325 1781 1352 1844 si
1373 1803 1413 1843 ex
1434 1801 1528 1843 causa
1547 1801 1621 1864 pro·

670 1879 770 1945 babili
784 1880 935 1946 delictum
957 1881 998 1946 sit
1019 1881 1050 1944 in
1072 1893 1224 1946 contextu
1238 1880 1416 1946 verborum.
1462 1880 1524 1944 Est
1539 1879 1620 1944 enim

670 1996 753 2048 teste
783 1981 920 2059 Isidoro,
949 1983 1053 2067 ligura
1079 1987 1192 2047 vitium
1222 2004 1295 2054 cum
1322 1990 1459 2060 ratione,
1486 1981 1621 2068 ideoque

670 2083 745 2148 solis
767 2051 959 2162 offitium,
973 2096 1203 2169 auctorumque
1226 2082 1393 2162 similibus,
1407 2082 1482 2146 viris
1504 2083 1622 2147 scilicet

670 2183 903 2261 eruditissimis,
927 2183 984 2270 qul
1007 2182 1213 2247 dicendorum
1235 2182 1506 2270 tacendorumque
1528 2206 1623 2247 nove-

670 2299 746 2351 runt
772 2285 919 2368 rationes,
942 2286 1009 2351 haec
1036 2285 1164 2350 licentia
1187 2284 1391 2373 indulgetur:
1423 2291 1560 2368 magnis,
1586 2297 1621 2349 ut

670 2388 717 2452 ait
733 2389 856 2465 Cicero,
871 2398 903 2454 et
917 2392 1037 2454 diuinis
1056 2391 1156 2465 bonis,
1171 2392 1256 2453 boue
1275 2391 1441 2453 licentiam
1457 2392 1623 2471 assequuti

670 2499 762 2569 aunt,
780 2503 813 2556 et
832 2504 1057 2578 assequuntur.
1103 2492 1177 2555 Non
1200 2503 1248 2555 est
1261 2490 1340 2554 levis
1357 2491 1530 2555 auctoritas
1552 2512 1622 2576 per-

671 2615 839 2658 sonarum:
863 2595 970 2659 omnia
984 2594 1082 2673 dicta,
1097 2593 1147 2657 vel
1163 2593 1249 2657 facta
1265 2592 1391 2658 laudem
1407 2593 1556 2674 afferunt,
1571 2592 1620 2657 vel

670 2694 787 2761 crimen
812 2696 975 2773 auferunt,
997 2719 1094 2782 quam
1118 2695 1239 2760 frustra
1265 2681 1404 2776 affectat,
1426 2695 1484 2758 nisi
1508 2697 1565 2781 qui
1589 2718 1622 2759 se

669 2797 702 2860 in
729 2798 852 2884 magnis
877 2799 969 2863 bonis
993 2797 1178 2863 imitabilem
1201 2797 1335 2884 praebet.
1379 2798 1528 2861 Profecto
1551 2800 1621 2860 ltoec

670 2897 802 2964 aliamm
831 2899 990 2963 virtutum
1027 2898 1182 2964 autoritas
1218 2898 1347 2975 meruit,
1379 2910 1416 2962 ut
1446 2896 1514 2963 haec
1544 2897 1622 2963 vitia

670 3000 839 3087 majorum,
862 3000 970 3065 dulcia
989 3001 1051 3067 sint
1074 3012 1106 3066 et
1128 3014 1221 3086 grata
1242 3003 1389 3087 posteris.
1434 3007 1455 3042 “
1472 2999 1569 3065 Unde
1590 3006 1623 3066 iu

669 3105 809 3168 secundo
830 3105 869 3167 de
894 3105 1006 3168 ordine
1029 3105 1255 3187 Augustinus:
1279 3107 1464 3169 soloect'smos
1484 3112 1515 3168 et
1537 3105 1624 3170 Bar-

669 3205 832 3283 barismoe,
854 3227 934 3290 quos
949 3219 1063 3270 vocant
1085 3219 1201 3291 poeta,
1222 3219 1254 3271 et
1280 3229 1361 3292 quos
1381 3207 1623 3285 adamaverunt,

670 3305 831 3372 schemata
852 3320 885 3373 et
907 3307 1141 3394 metaplasmos,
1163 3309 1295 3374 mutatis
1314 3308 1494 3374 maluerunt
1515 3309 1624 3396 appel·

670 3406 736 3473 lare
751 3409 942 3488 nominibus,
959 3433 1054 3497 quam
1072 3411 1240 3476 manifesta
1255 3411 1334 3476 vitia
1348 3410 1515 3476 declinare.
1559 3414 1624 3475 De-

671 3509 763 3574 trahe
782 3523 888 3575 tamen
908 3510 971 3575 ista
990 3512 1194 3588 carminibus,
1215 3512 1402 3578 suavissima
1421 3511 1624 3577 condimenta

670 3609 868 3676 desiderabo.
918 3615 1082 3696 Transfer
1095 3614 1127 3677 in
1149 3613 1280 3677 liberam
1295 3614 1516 3697 forensemque
1531 3613 1623 3678 dicti-

669 3732 774 3787 onem,
796 3713 869 3796 quis
883 3730 945 3773 non
961 3733 1030 3774 eam
1051 3712 1176 3796 fugere,
1191 3722 1289 3798 atque
1303 3712 1336 3776 in
1353 3713 1478 3776 theatra
1497 3735 1529 3774 se
1550 3734 1623 3775 con-

670 3810 746 3875 dere
756 3811 885 3896 jubebit
895 3813 928 3874 ?’'
951 3812 1096 3898 Congere
1108 3817 1210 3878 multa
1225 3814 1257 3877 in
1274 3835 1373 3877 unum
1389 3813 1504 3890 locum,
1516 3825 1619 3877 totum

671 3925 740 3978 arte
754 3913 907 3998 putidum
918 3925 951 3978 et
962 3915 1129 3979 rancidum
1145 3915 1307 3981 fastidibo.
1338 3916 1428 4001 Ergo
1443 3915 1624 3981 moderator

672 4036 779 4078 rerum
794 4014 885 4092 ordo,
901 4038 938 4079 ea
953 4038 1010 4079 nec
1031 4016 1177 4095 ubilibet,
1193 4038 1250 4080 nec
1270 4039 1427 4104 nusquam
1447 4039 1525 4094 esse,
1541 4018 1623 4104 pati·

672 4128 764 4190 etur;
789 4116 910 4202 quibus
923 4117 1131 4202 interpositis,
1146 4116 1223 4181 alias
1233 4118 1342 4202 jacens
1357 4131 1388 4182 et
1403 4121 1476 4182 vilia
1490 4119 1624 4204 erigitur

673 4231 705 4285 et
725 4217 906 4284 illustratur
924 4219 1038 4284 oratio.
1081 4222 1169 4285 Hoec
1187 4223 1257 4285 itte.-
1281 4234 1352 4285 uta
1372 4233 1531 4307 praecepta
1550 4245 1623 4286 con-

673 4336 736 4387 stet
764 4321 948 4403 autoritate,
974 4345 1071 4409 quam
1098 4323 1273 4388 necessaria
1299 4324 1339 4389 sit
1361 4324 1475 4388 notitia
1500 4349 1621 4403 eorum,

674 4447 748 4511 quae
772 4424 969 4490 doctioribus
990 4447 1147 4503 concessa,
1174 4448 1298 4490 ornnem
1325 4425 1392 4491 fere
1421 4425 1621 4493 latitudinem

673 4537 832 4613 occupant
860 4529 1104 4615 scripturarum,
1129 4541 1166 4595 ut
1192 4529 1248 4614 qui
1274 4530 1402 4616 proprie
1428 4543 1460 4595 et
1486 4530 1622 4616 figurate
