4242 5767
712 900 755 959 68
979 910 1117 956 Joausrs
1133 911 1413 958 sannsanmsnsrs
1529 896 1610 975 [nra.
1629 915 1668 958 n.

731 1063 811 1148 Cap.
827 1068 858 1126 t.
878 1063 933 1126 De
943 1063 1095 1144 partibas
1109 1062 1309 1138 Dialecticae,
1327 1065 1441 1146 etfirsc
1457 1064 1654 1148 logicorum.

760 1178 886 1242 Vanum
907 1189 944 1239 ut
966 1198 986 1238 a
1007 1176 1111 1261 specie
1130 1176 1297 1240 redeamus
1319 1176 1359 1240 ad
1380 1199 1493 1261 genus,
1513 1179 1667 1265 quoniam

719 1277 864 1365 quaedam
877 1276 983 1341 adbuc
993 1276 1300 1351 videnturdicenda3
1318 1279 1529 1345 communiter
1538 1284 1671 1365 topicam

718 1379 896 1444 diviserunt
911 1389 1056 1442 auctores
1078 1377 1287 1442 inscientiam
1310 1379 1503 1456 inveniendi,
1520 1394 1552 1445 et
1573 1382 1673 1445 sciens

717 1483 794 1545 tiam
816 1479 1004 1563 judicandi3
1035 1479 1234 1565 eandemque
1264 1490 1364 1544 totam
1391 1481 1423 1543 in
1451 1480 1672 1562 divisionibus,

716 1575 967 1657 delinitionibus,
993 1575 1299 1662 collectionibusque
1329 1576 1447 1640 versari
1472 1578 1670 1645 docuerunt:

716 1678 874 1764 siquidem
886 1678 1067 1742 inveniendi
1080 1691 1112 1742 et
1122 1674 1290 1764 judicandi
1302 1678 1454 1762 magistra
1469 1696 1530 1757 est,
1542 1695 1574 1745 et
1590 1679 1671 1745 divi·

715 1777 826 1855 dendi,
841 1777 1088 1863 definiendique,
1101 1789 1133 1840 et
1148 1777 1394 1862 argumentandi
1408 1779 1547 1863 peritum
1564 1780 1670 1858 habet,

715 1881 814 1944 immo
834 1880 911 1943 iacit
933 1879 1089 1964 opificem.
1136 1883 1225 1943 luter
1247 1891 1378 1942 caeteras
1399 1879 1510 1966 itaque
1532 1881 1672 1966 pbiloso-

717 1981 804 2068 phire
818 1993 936 2067 partes,
952 1979 1122 2064 privilegio
1143 1979 1265 2065 duplici
1287 1979 1440 2065 insignita
1455 1995 1522 2045 est:
1547 1983 1625 2068 quia
1638 1995 1671 2046 et

717 2081 903 2169 principalis
917 2081 1050 2144 membri
1063 2080 1235 2146 decoratur
1251 2081 1381 2158 honoro,
1392 2096 1424 2147 et
1442 2083 1473 2147 in
1486 2097 1554 2149 toto
1569 2083 1671 2168 philo·

719 2182 842 2269 sophiae
855 2205 998 2268 corpore,
1014 2180 1147 2246 efficacis
1162 2183 1364 2249 instrumenti
1380 2199 1505 2251 exercet
1520 2185 1670 2250 officium.

723 2283 881 2371 Physicus
900 2283 994 2358 euim,
1011 2298 1042 2348 et
1064 2285 1210 2364 Etbicus,
1225 2286 1257 2348 iu
1274 2287 1340 2350 suis
1360 2287 1586 2352 assertionibus
1607 2310 1670 2350 non

720 2385 910 2472 procedunt,
941 2385 998 2448 nisi
1030 2385 1273 2470 probationibus
1302 2408 1320 2448 a
1351 2387 1470 2469 Logico
1507 2388 1669 2452 mutuatis.

721 2488 825 2552 Nemo
847 2508 955 2551 eornm
979 2500 1063 2549 recte
1086 2484 1207 2561 definit,
1223 2500 1281 2551 aut
1304 2487 1431 2564 dividit,
1446 2489 1506 2552 nisi
1528 2488 1574 2552 eis
1594 2488 1670 2551 artis
1769 2556 1770 2559 ,

720 2608 788 2653 suae
799 2585 938 2670 Logicus
946 2585 1081 2671 gratiam
1094 2587 1207 2651 saciat:
1227 2586 1367 2673 alioquin
1378 2611 1540 2653 successus
1548 2611 1671 2664 eorum,

718 2712 781 2755 non
801 2690 942 2765 scientia,
959 2687 1015 2752 sed
1037 2712 1130 2753 casus
1151 2702 1330 2775 promovet.
1376 2693 1565 2755 Rationalis
1587 2695 1672 2755 enim

719 2804 788 2866 est;
817 2804 853 2855 ut
869 2804 992 2854 constet
1014 2813 1052 2853 ex
1075 2791 1213 2867 nomine,
1230 2794 1302 2876 quis
1322 2790 1351 2854 ei
1367 2791 1407 2855 sit
1423 2791 1455 2854 in
1471 2791 1673 2878 philosophia

720 2915 896 2979 processus,
918 2891 975 2976 qui
1000 2892 1131 2956 rationis
1157 2915 1271 2977 expers
1292 2906 1358 2957 est:
1390 2891 1462 2957 licet
1489 2894 1572 2956 enim
1599 2893 1673 2979 quis

722 2993 934 3080 perspicacem
959 2992 1074 3057 habeat
1096 2994 1263 3070 rationem,
1278 2993 1392 3058 animae
1416 2995 1565 3059 virtutem
1589 2994 1672 3071 dico,

721 3093 754 3157 in
784 3092 992 3178 philosophias
1022 3102 1126 3156 tamen
1157 3094 1293 3178 negotiis
1322 3093 1362 3158 ad
1393 3093 1496 3158 multa
1526 3093 1669 3158 subsistit

722 3193 921 3275 offendicula,
935 3195 960 3257 si
977 3217 1039 3258 non
1055 3194 1170 3260 habeat
1186 3195 1338 3259 rationem
1351 3195 1504 3282 propositi
1521 3194 1671 3259 faciendi:

722 3319 796 3382 quas
811 3295 939 3383 quidem
956 3310 1003 3360 est
1020 3296 1200 3375 methodus,
1216 3296 1248 3361 id
1264 3310 1311 3361 est
1327 3298 1409 3364 ratio
1424 3297 1671 3383 compendiaria,

721 3397 877 3485 propositi
893 3397 1018 3484 pariens
1032 3412 1064 3462 et
1080 3398 1250 3485 expediens
1265 3399 1461 3464 facultatem.
1501 3403 1674 3464 Versantur

722 3512 828 3565 autem
845 3500 876 3563 in
893 3498 990 3564 biset
1011 3523 1086 3585 qum
1101 3499 1197 3565 dictae
1213 3511 1288 3564 sunt
1310 3500 1504 3585 pertinentes
1518 3501 1559 3564 ad
1578 3498 1673 3584 Logi-

721 3623 789 3664 cam
805 3600 989 3685 disciplinae.
1036 3604 1066 3664 N
1070 3623 1121 3663 am
1137 3603 1389 3674 demonstrativo,
1407 3611 1435 3663 et
1448 3602 1628 3681 probabilis,
1644 3611 1673 3664 et

721 3701 900 3782 sophistico,
916 3721 1024 3762 omnes
1039 3699 1171 3784 quidem
1186 3703 1365 3764 consistunt
1386 3699 1418 3763 in
1434 3701 1626 3779 inventione,
1642 3717 1674 3782 et

721 3800 858 3890 judicio,
868 3814 899 3865 et
911 3800 1022 3865 itidem
1033 3798 1222 3878 dividentes,
1233 3800 1432 3878 definientes,
1441 3814 1474 3864 et
1483 3799 1677 3884 colligentes,

726 3904 908 3970 domesticis
922 3901 1101 3968 rationibus
1117 3917 1273 3969 utuntur:
1302 3904 1360 3970 etsi
1377 3903 1516 3978 materia,
1533 3916 1587 3968 aut
1604 3905 1677 3986 fine,

726 4019 782 4071 aut
805 4003 899 4069 modo
921 4002 1048 4088 agendi,
1062 4003 1230 4068 dissimiles
1253 4003 1323 4069 sint.
1370 4005 1477 4082 Quum
1499 4025 1573 4066 vero
1595 4004 1676 4069 ratio

726 4106 945 4193 multipliciter
981 4104 1119 4182 dicatur,
1151 4104 1300 4170 latissime
1336 4119 1422 4191 patet
1454 4105 1504 4169 hic
1538 4104 1675 4171 officium

725 4210 878 4277 nominis:
903 4230 1007 4294 neque
1021 4207 1103 4271 enim
1116 4219 1278 4272 coartatur
1293 4207 1334 4272 ad
1346 4207 1378 4271 id
1394 4208 1575 4288 dumtaxat,
1586 4209 1675 4294 quod

725 4315 806 4381 ratio
820 4325 880 4386 est,
897 4311 953 4374 sed
968 4310 1008 4375 ad
1026 4311 1057 4374 id
1084 4310 1288 4397 protenditur
1303 4310 1409 4388 etiam,
1424 4311 1512 4397 quod
1537 4311 1676 4377 videtur.

723 4420 806 4482 Narn
833 4426 867 4478 ut
889 4412 968 4476 alias
991 4426 1110 4477 taceam
1136 4410 1270 4475 nominis
1293 4411 1547 4496 significationes,
1564 4411 1676 4476 dicunt

723 4516 783 4582 hoc
807 4536 918 4578 nomen
945 4512 1146 4599 grammatici
1173 4513 1350 4590 absolutum,
1377 4514 1465 4599 quod
1491 4514 1532 4577 ad
1559 4512 1676 4577 intelli·
