4242 5767
618 933 659 990 34
890 945 1026 990 sossius
1041 943 1319 989 sanusaamausrs
1454 923 1535 1002 [ma.
1553 942 1575 984 1.

771 1275 852 1358 Cap.
874 1277 922 1337 13.
950 1274 1044 1337 Unde
1058 1274 1190 1336 dicmur
1206 1274 1436 1337 Grammatico.

667 1426 799 1486 Hsauu
822 1435 929 1486 autem
960 1423 1104 1485 omnium
1127 1422 1232 1507 prima
1261 1434 1309 1485 est
1331 1419 1451 1504 logica3
1473 1418 1515 1481 ab
1537 1440 1574 1480 ea

625 1537 729 1588 tamen
746 1524 795 1587 sui
812 1538 914 1610 parte,
924 1545 998 1611 quae
1013 1524 1045 1587 in
1061 1523 1165 1610 prima
1180 1545 1359 1587 sermonum
1375 1521 1574 1586 institutione

622 1639 784 1690 versatur:
811 1640 847 1691 ut
871 1648 984 1690 nomen
1007 1625 1136 1710 logices,
1163 1625 1244 1688 sicut
1270 1626 1337 1709 jam
1368 1623 1490 1688 dictum
1514 1632 1573 1696 est,

623 1748 717 1811 quam
750 1725 902 1790 latissime
926 1740 1045 1813 pateat,
1076 1739 1107 1790 et
1131 1747 1192 1789 non
1225 1726 1319 1790 modo
1340 1725 1381 1788 ad
1404 1723 1576 1788 disserendi

621 1827 781 1891 scientiam
799 1825 1017 1892 contrahatur.
1064 1827 1124 1891 Est
1141 1826 1224 1889 enim
1237 1825 1465 1916 Gjfimmttiffla
1477 1827 1574 1888 scien·

621 1929 665 1993 tia
686 1942 779 2022 ‘recte
802 1929 1231 2023 loquendi2-scribendique,
1254 1942 1285 1992 et
1315 1929 1405 2014 origo
1433 1919 1574 1993 omnium

616 2014 798 2095 lilieralium
821 2016 1088 2121 disciplinarum?
1116 2031 1237 2095 Eadem
1262 2052 1392 2116 quoque
1407 2027 1453 2095 e'st
1476 2031 1576 2096 totius

642 2130 744 2197 hiloso
768 2133 829 2223 laiac
852 2133 1061 2208 cunabulum,
1092 2145 1124 2196 et
1149 2135 1199 2211 (ut
1228 2133 1272 2196 ita
1294 2132 1444 2214 dixerim)
1476 2134 1575 2198 totius

615 2155 785 2298 lufaffiiii
798 2234 897 2299 studii
905 2233 1000 2299 altrix
1012 2234 1128 2318 prima:
1147 2257 1220 2320 quoe
1229 2233 1369 2297 omnium
1380 2233 1574 2298 nascentium

620 2335 660 2400 de
677 2336 746 2400 sinu
758 2351 881 2401 natnrae
890 2335 1135 2401 teneritudinem
1142 2336 1272 2421 excipit,
1285 2335 1573 2414 nutritinlantiam‚

619 2438 777 2524 cujusque
792 2436 913 2522 gradus
934 2438 1130 2501 incrementa
1144 2437 1176 2499 in
1198 2434 1400 2522 philosophia
1417 2436 1575 2522 provehit,

622 2550 652 2600 et
670 2534 841 2600 sedulitate
856 2548 1010 2614 materna,
1024 2556 1148 2598 omnem
1161 2533 1415 2620 philosophantis
1424 2533 1572 2620 producit

621 2651 653 2701 et
680 2637 821 2702 custodit
849 2648 995 2702 aetatem:
1028 2635 1113 2699 unde
1135 2659 1154 2700 a
1176 2635 1298 2721 primis,
1320 2649 1384 2700 tam
1416 2633 1572 2700 scribendi

620 2763 718 2826 quam
748 2738 900 2822 loquendi
926 2737 1104 2824 principiis,
1134 2737 1343 2824 grammatica
1379 2737 1570 2824 appellatur.

343 2834 349 2845 ’
420 2865 425 2881 ·
491 2854 518 2905 ¹.
620 2840 949 2916 Grammafib-enim,
965 2839 1057 2904 litera
1074 2841 1122 2903 vel
1133 2841 1282 2915 lineaest‚
1298 2853 1329 2904 et
1345 2838 1417 2902 inde
1429 2839 1571 2916 literalis,

619 2966 657 3005 eo
672 2942 760 3027 quod
777 2942 885 3005 literas
899 2941 1034 3013 doceat;
1058 2964 1125 3027 quo
1140 2941 1274 3016 nomine,
1297 2956 1361 3006 tam
1378 2940 1568 3025 simplicium

620 3064 733 3106 vocum
750 3042 874 3126 figurae,
886 3064 984 3128 quam
996 3041 1163 3118 elementa,
1173 3042 1206 3106 id
1223 3052 1281 3119 est,
1293 3061 1385 3106 voces
1394 3043 1569 3128 figurarum

615 3145 862 3230 intelliguntur:
888 3156 944 3207 aut
960 3143 1053 3207 etiam
1069 3142 1196 3209 linearis
1210 3158 1269 3222 est,
1284 3168 1322 3208 eo
1336 3143 1425 3231 quod
1441 3145 1522 3210 sicut
1538 3147 1569 3209 in

618 3245 849 3333 magnitudinis
865 3244 1069 3322 incremento,
1079 3244 1236 3313 dimensio
1251 3247 1342 3311 lineoe
1351 3247 1571 3333 primaoccur-

616 3350 671 3429 rit,
686 3362 718 3413 et
741 3348 833 3434 quasi
852 3345 999 3434 quoedam
1024 3351 1157 3414 materia
1171 3363 1219 3414 est
1242 3349 1418 3437 superficiei
1433 3364 1489 3416 aut
1504 3373 1571 3414 cor·

616 3454 720 3537 poris:
746 3455 791 3516 sic
811 3450 1026 3537 aspirantibus
1046 3450 1088 3514 ad
1111 3452 1290 3537 profectum
1316 3453 1491 3539 sapientiae,
1509 3454 1571 3517 dis-

616 3554 734 3638 ciplina
749 3554 818 3618 haec
834 3553 936 3639 prima
954 3551 1123 3633 succurrit,
1139 3576 1213 3639 quoe
1228 3554 1369 3640 linguam
1386 3557 1514 3628 erudit;
1538 3569 1570 3620 et

617 3668 681 3718 tam
695 3678 752 3740 per
765 3677 868 3730 aures,
880 3676 976 3738 quam
989 3676 1046 3738 per
1057 3654 1176 3731 oculos,
1186 3668 1223 3719 ut
1239 3655 1282 3718 sic
1294 3657 1444 3740 procedat
1455 3658 1568 3732 oratio,

617 3755 804 3840 sapientiam
825 3753 1023 3818 introducit:
1048 3754 1146 3845 rerba
1168 3753 1250 3818 enirn
1275 3776 1332 3839 per
1348 3777 1455 3819 aurem
1472 3756 1570 3820 intro·

617 3857 722 3930 missa,
743 3856 884 3951 pulsant
906 3867 938 3918 et
961 3839 1105 3920 excitant
1125 3846 1334 3933 intellectum,
1365 3857 1422 3941 qui
1454 3857 1502 3933 (ut
1525 3858 1568 3922 ait

618 3956 830 4051 {wflllsslffil
847 3955 996 4043 quoedam
1011 3955 1125 4020 anima»
1140 3977 1252 4043 manus
1266 3974 1443 4052 ⁰⁸¹r¹²Fl¹l¹¹
1456 3981 1568 4053 capax,

614 4073 647 4124 et
668 4052 884 4144 perceptibilis
905 4057 1115 4144 objectorum.
1161 4057 1277 4123 Literae
1299 4073 1418 4139 autem,
1445 4061 1479 4124 id
1509 4075 1567 4139 est,

616 4163 740 4248 figurae,
757 4159 860 4246 primo
870 4181 983 4223 vocum
995 4159 1114 4224 indices
1130 4174 1217 4239 sunt,
1229 4160 1344 4225 deinde
1359 4184 1476 4240 rerum,
1488 4187 1569 4250 quas

613 4265 728 4328 auimae
735 4283 792 4348 per
802 4262 968 4325 oculorum
984 4261 1139 4328 fenestras
1150 4277 1329 4349 opponunt,
1339 4277 1371 4329 et
1382 4265 1567 4352 frequenter

587 4430 589 4435 ,
612 4368 793 4431 absentium
815 4362 913 4440 dicta,
933 4363 1000 4427 sine
1022 4385 1099 4427 voce
1120 4361 1309 4448 loquuntur.
1354 4365 1468 4431 Tradit
1489 4391 1565 4454 ergo

582 4449 589 4477 ²
612 4469 714 4552 prima
725 4468 878 4531 elementa
889 4466 1041 4530 sermonis
1049 4487 1102 4528 ars
1118 4464 1190 4541 ista,
1205 4465 1370 4531 oculorum
1386 4481 1418 4533 et
1434 4471 1560 4535 aurium

583 4578 586 4585 '
608 4569 766 4652 judicium
783 4566 922 4646 instruit,
941 4580 977 4631 ut
999 4588 1061 4630 non
1084 4564 1185 4629 facilis
1204 4580 1300 4651 queat
1317 4566 1431 4655 aliquis
1448 4585 1564 4657 praeter
