4242 5767
529 819 570 883 7'6
786 837 922 882 roannrs
938 837 1218 885 sanssnsatsnsm
1340 824 1423 905 [nm.
1439 843 1477 889 n.

632 983 690 1037 Aut
700 984 822 1055 prodesse
832 983 930 1047 volunt,
941 991 987 1038 sut
997 984 1127 1041 delectare
1138 993 1230 1058 poetae,

633 1068 691 1120 Aut
701 1067 777 1121 simul
789 1072 817 1120 et
823 1068 946 1140 jucunda,
959 1074 986 1121 et
997 1070 1091 1125 idonee
1103 1071 1189 1125 dicere
1200 1073 1275 1125 vitae:

633 1153 718 1206 Omne
729 1152 790 1205 tulit
800 1159 923 1225 punctum
935 1155 978 1222 qni
990 1156 1093 1208 miscuit
1104 1155 1168 1209 utile
1180 1156 1259 1210 dulci.

528 1273 574 1337 Et
588 1270 828 1355 multiloquium
841 1283 971 1356 peccata
982 1276 1186 1338 comitantur.
1218 1274 1357 1376 LQae
1368 1288 1475 1339 autum

528 1370 712 1448 uolubilitas
726 1388 804 1434 tunc
818 1368 947 1434 demum
964 1369 1105 1455 prodest,
1118 1372 1141 1435 si
1156 1373 1197 1436 ad
1214 1374 1399 1452 sapientiem
1415 1374 1478 1438 dis-

525 1584 632 1639 autem
649 1571 690 1636 sit
705 1571 881 1635 membrum
898 1569 1183 1647 modicum,rotam
1200 1572 1349 1636 humanae
1363 1573 1477 1638 nativi-

525 1672 601 1739 tatis
615 1671 791 1748 succendit,
812 1671 982 1735 conturbat
998 1671 1110 1748 vitam,
1125 1686 1158 1737 et
1179 1685 1282 1738 totum
1306 1674 1476 1751 hominem,

524 1774 585 1840 nisi
600 1772 824 1837 moderationis
839 1771 967 1836 vinculo
981 1772 1182 1851 reiroenetur,
1194 1774 1261 1859 agit
1276 1775 1307 1838 in
1324 1796 1476 1862 praeceps.

526 1874 612 1952 Quid
627 1886 733 1938 eutem
749 1871 877 1958 prodest
898 1872 953 1937 illa
973 1875 1007 1935 in
1021 1873 1160 1938 archivis
1177 1877 1349 1953 memorias,
1369 1898 1477 1940 recon-

525 1975 620 2052 disse,
640 1995 777 2059 quorum
799 1972 907 2037 nullus
925 1989 972 2039 est
991 1979 1092 2039 usus?
1131 1976 1219 2040 Sicut
1237 1978 1321 2041 enim
1342 1978 1383 2041 de
1404 1977 1476 2042 lana

525 2075 654 2160 caprina
668 2071 858 2137 contendere
877 2072 1081 2138 inofficiosum
1102 2087 1161 2151 est,
1178 2076 1221 2139 sic
1237 2098 1273 2140 ea
1288 2099 1362 2162 quoe
1377 2077 1477 2147 inuti·

524 2174 597 2240 liter
618 2173 837 2260 proferuntur,
853 2173 1071 2240 commendare
1091 2176 1264 2252 memoriae,
1279 2176 1423 2262 ineptum
1444 2190 1476 2242 et

525 2274 731 2340 indiscretum
761 2285 819 2337 est.
876 2274 956 2350 Quis
989 2297 1131 2361 unquam
1167 2276 1293 2341 inutilia
1328 2276 1415 2355 solia,
1444 2290 1476 2341 et

525 2375 638 2444 aristas
666 2373 880 2444 thesaurisatis
909 2379 1077 2460 congessit,
1102 2390 1140 2444 ut
1169 2375 1285 2462 opibus
1309 2375 1475 2440 abundet?

525 2475 690 2541 Debuerat
707 2471 899 2538 Aristoteles
913 2472 993 2537 hanc
1011 2475 1240 2560 compescuisse
1255 2475 1473 2561 intemperiem

524 2598 645 2652 eorum,
661 2574 718 2662 qui
740 2574 946 2640 indiscretam
968 2573 1206 2661 loquacitatem,
1224 2574 1398 2640 dialecticae
1419 2600 1474 2641 ex..

522 2677 666 2742 ercitium
678 2687 806 2762 putant.
844 2676 889 2740 Et
904 2698 978 2739 sane
994 2689 1243 2763 compescuerat,
1256 2675 1281 2739 si
1296 2674 1473 2738 audiretur.

523 2780 603 2843 Non
631 2785 761 2861 oportet,
792 2776 909 2861 inquit,
938 2798 1030 2841 omne
1064 2778 1237 2859 problema,
1264 2796 1323 2838 neo
1351 2796 1473 2838 omnem

518 2881 718 2961 positionem,
739 2879 950 2955 considerare,
975 2879 1031 2940 sed
1055 2898 1153 2960 quom
1177 2876 1336 2938 dubitabit
1358 2877 1476 2957 uliquis

523 2981 662 3043 rationis
683 2982 855 3060 egentiam,
879 2987 910 3043 et
929 2999 1047 3062 poenae,
1069 2981 1119 3042 oet
1139 2998 1262 3041 aeneus.
1306 2978 1396 3041 Nom
1418 2980 1475 3060 qai

522 3079 673 3144 dubitant
683 3086 796 3142 utrum
808 3087 950 3162 oporteat
960 3079 1047 3143 Deos
1055 3080 1168 3158 uereri,
1177 3085 1208 3141 et
1218 3084 1370 3160 parentes
1381 3078 1476 3141 tono-

522 3200 607 3260 rore,
621 3181 672 3243 vet
684 3201 761 3260 non,
777 3200 888 3262 poenae
909 3181 1065 3262 indigent.
1113 3180 1178 3254 Qui
1197 3200 1268 3243 vero
1287 3185 1398 3242 utrum
1414 3180 1474 3241 nio

520 3282 596 3347 otto
618 3289 675 3363 eet,
690 3285 741 3346 oet
757 3303 835 3363 non,
855 3304 976 3348 sennes.
1020 3283 1137 3365 Neque
1157 3303 1231 3347 aero
1245 3303 1379 3365 quorum
1398 3303 1474 3363 pro·

516 3386 643 3467 pinque
658 3394 705 3450 est
720 3386 958 3465 demonstratio,
972 3405 1075 3466 neque
1092 3405 1228 3466 quorum
1248 3383 1342 3446 ualde
1358 3383 1470 3464 longe:

518 3505 597 3548 nom
606 3489 677 3549 lraeo
687 3487 815 3567 quidem
829 3505 895 3547 non
907 3486 1024 3547 tabent
1038 3485 1283 3562 dubitationem,
1293 3484 1353 3545 illu
1364 3489 1473 3558 ardeat¹

519 3588 632 3664 magis,
661 3606 757 3665 quom
787 3586 963 3645 secundum
992 3585 1241 3647 eaerritutioom.
1295 3583 1377 3645 Haec
1407 3581 1472 3645 ille.

521 3680 584 3743 Sed
606 3680 664 3762 illi,
687 3704 724 3744 eo
750 3683 942 3759 inconsulto,
964 3682 1030 3744 imo
1053 3694 1086 3745 et
1111 3680 1310 3766 prohibente,
1337 3701 1471 3764 semper,

520 3777 652 3864 ubique,
672 3792 704 3843 et
725 3779 768 3874 ds
786 3779 935 3843 omnibus
955 3801 1047 3864 aeque
1071 3779 1257 3864 disputant:
1288 3778 1371 3844 sorte
1395 3777 1473 3863 quia

520 3879 668 3944 notitiam
682 3880 823 3944 omnium
840 3902 931 3964 aeque
946 3879 1076 3944 habent·
1510 3857 1517 3881 ⁴

531 4080 610 4164 Cap.
626 4081 657 4150 9.
688 4080 781 4155 Quod
808 4081 952 4166 ineffiouo
980 4087 1027 4143 est
1055 4081 1234 4155 dialectico,
1264 4083 1292 4152 a·
1320 4081 1462 4149 oliorum

689 4182 934 4264 disciplinarum
948 4181 1142 4244 destituatur
1155 4180 1300 4244 subsidio.

560 4322 813 4392 Enoouearran
833 4321 900 4384 siae
919 4321 1075 4403 sapientie
1098 4341 1159 4383 non
1173 4323 1330 4404 prodesse,
1349 4322 1471 4387 celebre

519 4431 577 4499 est,
591 4432 623 4484 et
639 4443 768 4487 verum:
792 4421 877 4487 unde
891 4423 1003 4509 ipsam,
1020 4435 1056 4488 ut
1069 4423 1181 4508 prosit,
1197 4446 1215 4487 a
1231 4423 1384 4508 sapientie
1398 4445 1471 4494 cone
