4242 5767
517 867 580 926 280
784 885 918 930 roauurs
935 883 1213 928 stnrsnusrarrsrs

606 1036 698 1112 Vere,
714 1059 794 1120 quos
809 1038 866 1101 tibi
885 1037 939 1100 dat
953 1037 1070 1119 pagina
1085 1057 1174 1099 sacra
1190 1036 1300 1098 duces.

521 1133 646 1198 Censeo
662 1136 871 1202 Christicolas
886 1141 983 1217 cultu,
1000 1160 1065 1200 uon
1082 1137 1210 1199 nomine
1227 1135 1359 1210 Christi,

607 1239 710 1315 Quem
725 1253 879 1325 praestant
895 1241 1015 1304 homini
1032 1241 1097 1302 vita
1112 1238 1241 1322 pudica,
1257 1237 1349 1299 fides.

522 1340 632 1408 Gratia
650 1344 819 1405 multorum
835 1343 961 1407 dabitur
975 1342 1034 1405 tibi
1050 1362 1123 1403 vera
1138 1339 1285 1423 sequenti
1390 1339 1472 1396 1275

610 1443 781 1525 Dogmata,
796 1466 868 1527 quae
884 1454 1036 1527 praestant
1050 1442 1192 1504 moribus
1207 1453 1301 1523 atque
1318 1437 1391 1500 fide.

523 1541 599 1603 Nou
615 1555 720 1607 tamon
736 1546 806 1609 haec
822 1547 878 1608 illa
891 1545 1051 1630 produces
1067 1555 1154 1607 tutus
1169 1543 1202 1604 in
1218 1543 1303 1615 aula,

610 1647 650 1713 Iu
667 1668 730 1729 qua
745 1666 814 1711 rara
827 1659 935 1711 manet
949 1647 1062 1726 gratia,
1077 1665 1148 1709 rara
1163 1644 1255 1708 fides.

524 1745 609 1808 Pura
624 1745 706 1810 fides
720 1771 786 1812 non
802 1750 871 1813 sola
885 1761 992 1828 tamen
1007 1750 1116 1832 placet
1130 1747 1290 1824 omnibus,
1304 1745 1359 1806 illa

611 1849 739 1913 Gratior
753 1862 803 1915 est
817 1853 942 1927 merito,
958 1873 1055 1935 quam
1071 1852 1155 1913 bona
1171 1850 1234 1911 rita
1251 1848 1343 1909 soret.
1392 1846 1474 1905 1080

525 1950 587 2012 Est
602 1972 684 2014 verae
700 1954 772 2017 vitae
788 1955 859 2017 fons
874 1977 955 2037 pura
968 1953 1061 2030 fides,
1076 1953 1217 2035 fideique

612 2054 689 2117 Vita
701 2056 778 2116 boui
794 2077 915 2118 mores:
941 2056 1040 2118 donat
1054 2067 1223 2136 utrumque
1240 2053 1338 2114 Deus.

529 2151 624 2216 Quod
640 2154 753 2213 sanius
772 2162 822 2213 ert
835 2155 955 2232 partera
971 2153 1106 2232 placere
1125 2151 1225 2227 bonis,
1247 2168 1344 2229 quam
1353 2147 1476 2208 01ιαίἱὲ-

851 2252 958 2313 rudini
971 2251 1152 2312 stultorum.

527 2346 592 2411 Sed
608 2348 683 2430 quia
697 2368 794 2410 nemo
810 2359 916 2431 potest
930 2348 1036 2411 stultis
1051 2346 1173 2409 ratione
1190 2347 1326 2429 placere,

615 2448 760 2512 Sufficiat
774 2449 925 2531 gravibus
939 2459 970 2512 te
986 2448 1145 2532 placuisse
1161 2447 1244 2510 viris.

528 2549 593 2611 Vix
609 2548 811 2613 indoctorum
827 2550 945 2633 poterit
960 2550 1033 2634 quis
1048 2549 1128 2612 serre
1143 2547 1329 2622 cachinnos,
1397 2547 1480 2606 1285

617 2653 652 2714 Si
668 2674 732 2716 non
748 2653 790 2717 sit
802 2653 876 2717 forti
890 2664 1030 2737 pectore,
1045 2663 1152 2715 mente
1168 2649 1263 2733 gravi.

531 2753 656 2816 Sannas
671 2765 705 2817 et
719 2754 879 2817 rhonchos
895 2754 1035 2836 geminat
1049 2753 1169 2816 lasciva
1179 2749 1344 2834 juventus,

617 2851 717 2914 Audit
730 2853 771 2915 ab
787 2853 898 2933 ignoto
914 2853 940 2914 si
954 2871 1039 2913 nova
1053 2851 1150 2913 verba
1164 2849 1256 2910 libro.

531 2952 605 3015 Non
621 2953 723 3035 fugies
737 2952 900 3015 rhonchos
914 2952 1118 3033 linguasque,
1133 2970 1311 3032 manusque
1328 2967 1480 3031 procaces

618 3055 681 3116 Vix
697 3053 810 3135 fugies,
825 3053 888 3117 nisi
902 3055 952 3132 sit,
967 3073 1032 3138 quo
1048 3053 1129 3116 duce
1145 3063 1234 3116 tutus
1249 3073 1313 3115 eas.
1397 3052 1479 3110 1290

553 3154 606 3217 De
621 3152 804 3219 Tleobaldo
816 3153 1066 3237 Archieprhcopo
1077 3164 1110 3217 et
1125 3152 1248 3218 Thomu
1265 3151 1480 3218 Concellario.

531 3255 595 3332 Qui
603 3255 709 3341 jubet,
724 3268 760 3320 ut
774 3258 906 3336 scribas,
920 3258 1003 3321 solet
1016 3256 1101 3320 idem
1118 3257 1237 3339 scripta
1250 3255 1367 3331 fovere,

618 3359 763 3444 Quasque
779 3361 877 3423 semel
891 3359 1008 3442 recipit
1021 3357 1164 3433 nomina,
1180 3358 1266 3420 clara
1281 3355 1364 3418 facit.

531 3461 591 3522 llle
606 3461 826 3538 Theobaldus,
840 3462 895 3543 qui
911 3460 1031 3523 Christi
1046 3458 1195 3543 praesidet
1210 3460 1302 3531 aulae,

619 3564 723 3636 Quam
741 3562 816 3626 fidei
832 3575 964 3627 matrem
980 3562 1097 3626 Cantia
1112 3571 1219 3625 nostra
1234 3559 1322 3637 colit,

533 3662 633 3724 Hunc
648 3684 870 3726 successurum
886 3664 948 3726 sibi
964 3674 1071 3745 sperat
1085 3673 1117 3725 et
1132 3672 1211 3738 orat,
1225 3672 1261 3724 ut
1275 3659 1360 3724 idem
1400 3664 1483 3721 1295

619 3761 768 3824 Praesulis
783 3765 924 3827 officium
940 3765 1064 3827 muniat
1079 3775 1173 3847 atque
1188 3764 1306 3825 locum.

535 3859 601 3921 Hic
617 3870 676 3935 est,
690 3862 876 3924 carnificum
892 3865 947 3946 qui
957 3863 1014 3946 jus
1029 3864 1187 3926 cancellat
1201 3863 1358 3944 iniquum,

621 3962 711 4034 Quos
724 3961 838 4025 habuit
853 3982 943 4044 reges
958 3963 1076 4043 Anglia
1091 3974 1186 4045 capta
1202 3961 1266 4036 diu,

534 4065 617 4129 Esse
631 4073 748 4150 putans
763 4084 863 4145 roges,
878 4083 960 4146 quos
974 4072 1025 4126 est
1041 4083 1195 4146 perpessa
1211 4075 1381 4143 tyrannos3

621 4168 698 4232 Plus
713 4178 880 4232 veneratur
893 4186 961 4246 eos,
976 4165 1032 4248 qui
1046 4184 1185 4228 nocuere
1201 4165 1309 4247 magis.
1403 4170 1484 4230 1000

817 4268 870 4331 De
884 4265 1026 4330 moriem
1044 4265 1203 4347 Hyrcani.

538 4374 637 4447 Huic,
654 4374 708 4456 qui
724 4372 900 4457 priscorum
916 4391 1020 4434 mores
1034 4371 1188 4452 legesque
1203 4370 1311 4431 revelli

624 4475 791 4557 Praecepit,
807 4474 933 4536 libitum
948 4493 1006 4555 pro
1021 4472 1143 4535 ratione
1157 4472 1234 4544 suit3
