4242 5767
726 873 789 930 240
991 885 1127 930 sorusrs
1143 885 1421 930 sannsnnnrnrrsrs

853 1039 945 1106 Quod
959 1039 1059 1115 logico
1075 1038 1237 1119 sopientes
1251 1044 1282 1098 et
1297 1039 1446 1099 discretos
1450 1038 1548 1119 fecit.

727 1139 844 1220 logica
859 1137 937 1223 quid
957 1135 1070 1211 valeat,
1085 1148 1140 1198 aut
1156 1158 1213 1198 cur
1228 1136 1349 1219 placeat
1367 1137 1513 1220 sapienti,
1637 1140 1679 1198 95

812 1239 977 1316 Dicturus,
992 1237 1104 1299 faciem
1122 1235 1373 1320 philosophantis
1387 1237 1451 1299 adi.

726 1341 788 1417 Qui
805 1339 949 1425 sequitur
964 1335 1030 1402 sdre
1046 1353 1151 1401 mente
1168 1359 1293 1412 sonum,
1310 1341 1367 1422 qui
1383 1338 1479 1401 verba
1494 1339 1642 1422 capessit,

813 1446 885 1506 Non
902 1463 1039 1519 sensum,
1052 1441 1154 1527 judex
1171 1440 1293 1525 integer
1308 1462 1376 1502 esse
1391 1440 1513 1524 nequit.

727 1547 834 1622 Quum
850 1544 914 1607 vim
930 1544 1100 1608 verborum
1117 1541 1242 1606 dicendi
1257 1561 1353 1604 causa
1367 1541 1536 1619 ministret,

815 1645 893 1713 Haec
906 1646 931 1709 si
947 1644 1098 1724 nescitur,
1114 1643 1193 1728 quid
1209 1643 1269 1706 nisi
1286 1656 1401 1708 ventus
1416 1647 1535 1707 erunt?
1634 1647 1678 1706 30

726 1750 806 1826 Quae
821 1748 923 1812 bonus
938 1746 1068 1811 auditor
1082 1757 1193 1832 pensat
1209 1744 1249 1806 de
1265 1757 1370 1807 mente
1385 1743 1556 1829 loquentis.

811 1854 885 1915 Non
901 1848 1017 1935 quovis
1032 1868 1136 1921 sensu,
1153 1867 1248 1931 quem
1266 1841 1325 1907 sibi
1342 1845 1439 1909 verba
1453 1845 1578 1918 ferunt;

726 1956 772 2018 Ut
788 1965 891 2016 tamen
908 1951 1033 2014 assistat
1048 1948 1153 2012 verbis
1168 1946 1219 2010 lex
1236 1960 1322 2010 recta
1335 1946 1500 2032 loquendi,

812 2054 884 2130 Qua
898 2052 964 2116 sine
979 2073 1041 2114 non
1057 2061 1208 2136 poterunt
1220 2047 1347 2132 pondus
1362 2049 1478 2113 habere
1494 2047 1603 2114 suum!

726 2153 911 2238 Aucupiurn
928 2152 1016 2215 verbi
1027 2151 1218 2234 jampridem
1232 2150 1328 2235 jussit
1345 2151 1386 2214 ab
1401 2151 1474 2213 aula
1631 2154 1676 2213 35

811 2254 881 2315 Lex
899 2254 1054 2325 Romans,
1070 2251 1124 2314 sed
1140 2250 1200 2313 hoc
1214 2261 1335 2336 proetor
1349 2252 1481 2337 iniquus
1495 2267 1590 2317 amat.

877 2356 930 2418 De
943 2354 1123 2435 nugacibus
1137 2354 1363 2416 mentientibus
1378 2357 1520 2437 logicam.

725 2457 783 2521 Lis
798 2468 845 2519 est
860 2455 982 2532 infelix,
998 2456 1058 2519 nisi
1074 2455 1176 2518 forma
1191 2467 1320 2541 petatur
1336 2458 1465 2542 agendi,

810 2559 913 2635 Quam
928 2557 1038 2644 procul
1054 2556 1163 2636 arceri,
1178 2560 1199 2622 J
1202 2556 1363 2631 ustitiana,
1375 2559 1481 2644 jubes.

724 2659 776 2725 stc
791 2659 850 2724 nisi
865 2660 1053 2747 complacito
1068 2659 1176 2746 pueris
1192 2682 1333 2723 sermone
1348 2661 1500 2745 loquaris,

811 2765 973 2848 Conspuet
989 2763 1020 2824 in
1037 2763 1148 2824 faciem
1164 2761 1293 2844 garrula
1308 2761 1403 2824 turha
1418 2774 1518 2824 tuam.
1632 2772 1674 2826 40

724 2867 758 2928 Si
773 2867 857 2951 sapis
872 2878 1027 2938 auctores,
1043 2876 1186 2926 veterum
1202 2862 1228 2923 si
1244 2863 1363 2945 scripta
1378 2884 1527 2936 recenses,

809 2967 858 3028 Ut
873 2976 1005 3037 statuas,
1021 2962 1047 3025 si
1060 2960 1140 3046 quid
1156 2959 1239 3023 torte
1254 2960 1388 3046 probare
1405 2963 1492 3042 velis,

723 3066 876 3151 Undique
891 3062 1088 3126 clamabunt:
1114 3067 1136 3098 “
1153 3075 1244 3125 vetus
1259 3061 1311 3126 hic
1327 3086 1391 3149 quo
1407 3065 1510 3130 tendit
1526 3065 1662 3130 asellus?

808 3170 878 3234 Cur
891 3179 1035 3230 veterum
1050 3165 1142 3230 nobis
1156 3164 1242 3230 dicta
1257 3165 1306 3229 vel
1322 3178 1393 3230 acts
1407 3167 1525 3233 refert?

722 3276 750 3337 A
765 3270 856 3335 nobis
871 3269 1025 3357 sapimus,
1040 3267 1151 3333 docuit
1166 3291 1199 3333 se
1213 3282 1324 3334 nostra
1334 3269 1500 3354 juventus,
1630 3283 1670 3336 45

807 3379 881 3440 Non
897 3374 1010 3461 recipit
1025 3387 1167 3438 veterum
1183 3372 1335 3459 dogmata
1350 3386 1457 3438 nostra
1472 3375 1593 3440 cohors.

721 3481 795 3542 Non
810 3501 891 3542 onus
905 3476 1088 3563 accipimus,
1105 3489 1141 3540 ut
1156 3498 1265 3540 eorum
1282 3476 1379 3540 verba
1394 3499 1575 3562 sequamur,

807 3581 895 3657 Quos
910 3579 1005 3643 habet
1021 3592 1167 3642 auctores
1183 3579 1321 3654 Groecia,
1339 3581 1442 3643 Roma
1457 3579 1542 3644 colit.

723 3679 830 3743 Incola
845 3703 914 3744 sum
931 3679 1046 3745 modici
1062 3681 1180 3765 pontis,
1195 3701 1298 3743 novus
1311 3692 1423 3743 suctor
1437 3683 1469 3744 in
1486 3695 1565 3758 arte,

809 3783 895 3844 Dum
912 3780 1000 3862 prius
1014 3783 1180 3844 inventum
1196 3781 1316 3864 glorior
1331 3801 1398 3844 esse
1413 3803 1537 3856 meum;
1631 3793 1672 3846 50

722 3881 815 3960 Quod
832 3880 968 3944 docuere
983 3900 1084 3958 senes,
1099 3902 1156 3944 nec
1171 3881 1262 3945 novit
1277 3882 1378 3944 amica
1388 3881 1554 3967 juventus,

810 3981 951 4046 Pectoris
965 3980 1130 4044 inventum
1143 3982 1220 4066 juro
1234 3981 1332 4044 fuisse
1348 3982 1427 4055 mei;

721 4085 840 4153 Sedula
855 4106 905 4147 me
915 4083 1070 4168 juvenum
1086 4082 1263 4147 circumdat
1278 4083 1384 4161 turba,
1399 4097 1558 4170 putatque

808 4185 952 4253 Grandia
960 4187 1134 4274 jactantem
1151 4207 1212 4249 non
1228 4185 1289 4250 nisi
1304 4207 1376 4248 vera
1392 4185 1509 4271 loqui.”

1019 4289 1071 4353 De
1085 4288 1376 4353 Melidnnensibus.

722 4394 789 4459 lete
803 4394 921 4479 loquax
936 4389 1095 4476 dicaxque
1109 4412 1221 4476 parum
1239 4387 1359 4455 redolet
1376 4390 1593 4468 Melidunurn,
1628 4402 1669 4456 55

806 4494 957 4560 Creditur
973 4493 1106 4558 Albrico
1120 4492 1243 4557 doctior
1257 4492 1315 4556 iste
1331 4515 1400 4572 suo,
