4242 5767
611 892 652 950 36
871 905 1009 950 roaurus
1025 905 1304 952 senosanarnusrs
1440 889 1522 967 [ms.
1540 908 1561 950 ι.

609 1055 787 1133 diversitas,
810 1055 892 1120 sicut
914 1058 1175 1144 proprietatibus,
1205 1057 1249 1121 sic
1272 1072 1302 1122 et
1326 1056 1490 1122 vocabulis
1513 1059 1561 1121 in·

496 1140 511 1246 j
609 1158 728 1243 signiri.
761 1158 841 1223 Inde
856 1182 932 1242 ergo
944 1161 1040 1243 (sicut
1054 1158 1210 1251 Pullius
1221 1172 1333 1242 auctor
1344 1164 1402 1243 est)
1414 1157 1560 1241 contigit,

608 1270 645 1323 ut
660 1263 716 1324 lroc
730 1270 858 1326 vocetur
879 1265 978 1337 bomo,
1000 1264 1083 1326 illud
1103 1264 1240 1342 liguum,
1259 1263 1352 1326 aliud
1370 1283 1442 1325 uero
1457 1265 1561 1343 lupis:

607 1373 639 1423 et
662 1360 705 1426 sic
728 1362 913 1427 substantiis
932 1362 1130 1440 omnibus,s
1117 1385 1173 1425 sua
1125 1363 1285 1458 quasi
1306 1365 1462 1452 impressa
1486 1375 1560 1426 suut

607 1464 745 1528 nomina.
765 1465 826 1528 Sed
835 1469 984 1552 quoniam
996 1467 1138 1551 ipsarum
1151 1463 1261 1528 multae
1271 1478 1345 1528 sunt
1355 1464 1558 1527 differentia:

607 1540 678 1628 aliae
708 1564 838 1649 quidem
862 1589 882 1628 a
904 1567 1096 1650 quantitate,
1118 1565 1189 1628 aliae
1209 1588 1228 1628 a
1250 1566 1416 1651 qualitate,
1441 1566 1512 1629 alioe
1541 1590 1561 1629 a

607 1666 704 1729 variis
725 1665 937 1731 accidentium
967 1663 1098 1730 formis:
1131 1665 1205 1728 item
1236 1665 1307 1729 aliae
1332 1665 1374 1728 ab
1403 1665 1463 1745 his,
1485 1688 1560 1751 quse

526 1803 532 1814 ·
607 1766 812 1830 familiariora
852 1783 938 1845 sunt,
979 1780 1011 1831 et
1052 1764 1161 1829 adesse
1201 1764 1403 1830 conducunt:
1442 1765 1560 1832 idcirco

607 1869 728 1953 quibus
751 1868 811 1931 hoc
833 1867 1064 1950 designaretur,
1088 1865 1214 1928 nomina
1236 1879 1311 1930 sunt
1333 1868 1464 1931 inventa
1485 1892 1558 1954 quoe

606 1982 734 2054 possent
749 1966 843 2063 ad'ici
859 1967 1078 2040 substantivis,
1099 1979 1255 2030 eteorum
1277 1967 1339 2030 vim
1358 1979 1389 2032 et
1413 1981 1558 2032 naturam

605 2067 842 2156 quodammodo
864 2067 1085 2153 depingerent,
1110 2068 1191 2132 sicut
1215 2068 1389 2154 praemissae
1412 2069 1558 2134 substan-

607 2173 725 2236 tiarum
752 2170 942 2235 differentiae
964 2171 1030 2234 suis
1054 2169 1304 2255 proprietatibus
1326 2169 1557 2257 exprimentur.

608 2273 695 2338 Sicut
711 2273 793 2336 enim
809 2271 984 2335 accidentia
1007 2271 1216 2336 substantiam
1240 2273 1390 2347 vestiunt,
1413 2288 1445 2336 et
1460 2271 1558 2337 infor·

605 2389 707 2440 mant:
733 2375 776 2439 sic
791 2354 939 2460 quadam
952 2374 1158 2460 proportione
1179 2374 1320 2451 rationis,
1335 2375 1377 2439 ab
1392 2373 1558 2462 adjectivis

604 2475 805 2540 substantiva
826 2474 1047 2539 informantur.
1093 2476 1138 2539 Et
1161 2487 1196 2540 ut
1219 2474 1405 2541 familiarius
1425 2478 1557 2543 rationis

604 2577 762 2643 institutio
776 2590 899 2643 naturoe
919 2577 1088 2655 cobaereat,
1112 2579 1192 2643 sicut
1213 2577 1390 2644 substantia
1405 2581 1556 2666 cujusque

603 2678 850 2760 rei,intentiouis
860 2692 890 2743 et
898 2678 1089 2743 remissionis
1098 2678 1209 2760 ignaro
1219 2696 1283 2744 est:
1301 2681 1345 2744 sic
1357 2682 1556 2746 substantiva

602 2780 642 2844 ad
659 2781 906 2867 comparationis
928 2782 1047 2866 gradus
1063 2803 1125 2844 non
1142 2781 1284 2857 veniunt,
1304 2795 1341 2846 ut
1356 2803 1413 2844 nec
1428 2785 1555 2848 uomina

601 2881 851 2946 differentiarum
868 2881 1138 2957 substantialium,
1156 2882 1230 2945 licet
1253 2882 1410 2972 adpetiva
1425 2883 1499 2973 sint,
1515 2909 1554 2949 eo

601 2984 687 3070 qnod
704 2983 891 3048 substantiae
907 2983 1064 3069 quandam
1081 2981 1221 3047 indicent
1237 2968 1433 3068 qualitatem.
1470 2989 1551 3050 Item

600 3109 657 3150 nec
672 3084 727 3150 illa
749 3100 985 3172 comparantur,
1007 3108 1080 3172 quae
1109 3083 1303 3171 adjiciuntur
1325 3084 1510 3152 substantiis
1533 3111 1552 3152 a

600 3186 790 3274 quantitate,
803 3212 840 3251 eo
855 3187 939 3275 quod
950 3189 1019 3272 ipsa
1034 3186 1208 3272 quantitas,
1223 3207 1285 3249 non
1302 3183 1434 3273 suscipit
1450 3190 1552 3275 magis

599 3304 631 3355 et
650 3290 762 3358 minus.
810 3291 853 3354 Et
870 3291 901 3353 iu
927 3311 1059 3363 summa,
1081 3288 1287 3353 sicut'solum
1311 3287 1454 3353 accidens
1469 3315 1553 3355 com-

599 3394 741 3481 parabile
759 3408 818 3473 est,
841 3417 898 3458 neo
920 3392 954 3456 id
978 3405 1085 3457 tameo
1109 3415 1222 3458 omne·
1247 3393 1290 3457 sio
1313 3391 1380 3456 solu
1395 3394 1553 3478 adjective

598 3499 815 3573 accidentiam,
827 3521 883 3561 nec
893 3520 930 3558 ea
940 3508 1044 3559 tamen
1055 3518 1172 3573 omura,
1182 3508 1415 3580 comparantur
1440 3497 1526 3560 Nec
1517 3518 1549 3560 ιιι
1569 3503 1574 3561 l

596 3601 671 3664 solis
680 3599 861 3663 nominibus
875 3617 1044 3677 conspicua
1053 3609 1102 3660 est
1118 3597 1238 3659 lraecna
1221 3608 1320 3670 ataeffl
1336 3596 1452 3660 imitati
1428 3599 1484 3677 tio,
1495 3564 1575 3671 sedi

595 3701 628 3764 in
640 3700 710 3763 aliis
724 3697 872 3763 omnibus
882 3696 1033 3759 orationis
1045 3694 1204 3781 partibus,
1214 3717 1238 3758 st
1231 3693 1436 3780 diligentius
1447 3704 1576 3761 cuent

593 3799 701 3866 datur.
746 3800 810 3862 Pro
828 3795 968 3881 eoquod
989 3795 1179 3873 substantia,
1200 3818 1274 3881 quae
1295 3796 1399 3859 sensui
1420 3810 1476 3861 aut
1500 3821 1549 3862 ra·

594 3903 673 3968 tioni
696 3900 856 3987 objicitur,
878 3900 945 3962 sine
966 3911 1069 3977 motu,
1089 3920 1154 3983 quo
1176 3896 1300 3984 agendo
1322 3902 1375 3962 vel
1395 3899 1548 3983 patiendo
1571 3956 1573 3975 ,

593 4002 717 4090 aliquid
740 4000 957 4086 temporaliter
983 4011 1139 4075 moretur,
1162 4022 1314 4065 essenon
1338 4012 1455 4086 potest,
1476 4001 1549 4066 ideo
1570 3992 1572 4012 ⁴

593 4107 634 4172 ad
645 4101 857 4191 designandos
868 4115 974 4166 motus
985 4101 1167 4188 corporales
1178 4103 1303 4187 agentis
1315 4115 1370 4168 aut
1385 4103 1547 4188 patientis,
1569 4154 1571 4163 ,

593 4210 774 4295 excogitata
798 4217 871 4269 sunt
883 4207 1011 4293 Q
1055 4204 1153 4268 Unde
1178 4204 1255 4292 quia
1280 4217 1386 4268 motus
1411 4226 1473 4268 non
1500 4204 1571 4273 est'

594 4315 660 4377 siue
686 4322 838 4395 tempore,
862 4329 919 4370 nec
934 4306 1070 4369 verbum
1092 4327 1157 4369 esse
1182 4305 1286 4390 potuit
1307 4306 1373 4369 sine
1396 4308 1548 4391 temporis

592 4410 902 4502 consignificatione:
927 4421 958 4472 et
978 4407 1060 4471 sicut
1084 4417 1191 4471 motus
1206 4408 1234 4470 is
1254 4429 1316 4470 uon
1336 4428 1460 4492 semper
1480 4411 1549 4472 uni.

591 4518 702 4581 formis
721 4528 779 4594 est,
802 4511 868 4594 sed,
885 4525 921 4576 ut
944 4510 987 4574 sic
1008 4509 1126 4587 dicam,
1151 4506 1343 4588 multicolor,
1364 4508 1427 4572 alio
1443 4510 1547 4592 aliter,
