4242 5767
516 873 579 930 246
778 886 916 930 rosuurs
932 884 1208 931 saussnaarausrs

699 1036 751 1099 De
761 1039 872 1116 gratio
888 1038 1106 1099 masilintrioe
1120 1039 1287 1098 virtutum.

515 1139 590 1200 Nou
606 1134 689 1198 valet
706 1134 762 1198 bas
775 1137 798 1198 J
801 1157 865 1199 uno
879 1136 1081 1221 conjungere,
1097 1157 1157 1199 non
1178 1139 1382 1220 Hymenaeus,

604 1236 754 1300 Pronuba
769 1237 927 1301 virtutum
943 1238 1046 1320 gratia
1061 1235 1130 1300 sola
1144 1249 1260 1321 potest.

519 1339 591 1400 Hac
607 1339 672 1400 sine
687 1349 760 1402 sunt
775 1337 897 1401 steriles
912 1338 1000 1402 verbi
1017 1337 1141 1401 Genius
1155 1339 1313 1423 ratioque,

605 1441 670 1502 Aut
685 1441 789 1503 oritur
805 1439 929 1503 fructus
944 1427 1308 1524 degeneratd‘uemalus.

519 1540 591 1602 Hac
607 1539 673 1602 sine
687 1553 811 1604 naturae
826 1541 908 1604 vires
923 1541 1129 1618 frustrantur,
1145 1553 1177 1604 et
1193 1541 1262 1626 ejus
1406 1549 1470 1605 225

605 1640 657 1704 Ad
673 1641 756 1705 bona
770 1654 903 1706 conatus
917 1642 1020 1707 omnis
1034 1641 1137 1706 inanis
1151 1642 1222 1706 erit.

522 1741 577 1805 Ad
592 1743 676 1806 mala
691 1765 829 1825 namque
844 1766 952 1810 sumus
967 1744 1086 1822 faciles,
1102 1748 1235 1830 aptique
1250 1743 1367 1830 perire:

609 1844 722 1908 Gratia
738 1847 764 1910 si
780 1846 872 1922 desit,
889 1859 935 1910 est
951 1869 1033 1932 opus
1047 1869 1141 1910 omue
1157 1846 1285 1910 malum.

523 1944 637 2008 Gratia
653 1945 677 2008 si
693 1946 787 2024 desit,
802 1970 890 2011 mens
905 1960 961 2011 aut
977 1970 1090 2011 manus
1106 1946 1247 2011 officiosa
1327 1942 1331 1953 ’

609 2048 681 2109 Nou
697 2050 773 2119 erit3
798 2049 866 2111 haec
878 2065 1014 2112 mentem
1027 2049 1183 2134 praeveuit
1193 2060 1289 2133 atquo
1305 2047 1395 2131 regit,
1410 2049 1473 2110 230

530 2145 611 2210 Hac
626 2161 731 2209 movet
747 2147 889 2221 affectus,
905 2171 1037 2233 operum
1055 2171 1186 2232 quoque
1202 2162 1369 2232 promovet
1385 2169 1473 2222 usus,

610 2248 771 2331 Linguam
787 2249 939 2322 custodit,
955 2270 1011 2311 neo
1027 2247 1104 2311 sinit
1119 2270 1185 2310 esse
1202 2269 1303 2320 ream3

524 2349 631 2434 Erigit
646 2348 807 2425 affectum,
824 2352 977 2414 rationem
993 2349 1117 2434 dirigit,
1132 2361 1224 2412 actus

611 2451 794 2537 Componit,
810 2465 927 2515 reserat
942 2450 1063 2531 abdita,
1079 2471 1154 2512 vera
1168 2449 1271 2513 docet.

524 2557 612 2631 Quos
628 2556 722 2627 fovet,
738 2553 796 2617 hos
811 2565 917 2638 gratos
931 2561 964 2616 et
978 2565 1063 2617 recte
1078 2550 1295 2639 philosophari
1411 2557 1474 2613 235

612 2657 656 2720 Et
672 2655 748 2720 facit
763 2668 872 2739 optata
889 2655 1102 2742 prosperitate
1117 2653 1191 2719 frui.

527 2759 640 2822 Gratia
656 2770 800 2821 naturam
818 2779 958 2843 purgans
972 2757 1112 2821 illustrat
1128 2769 1159 2820 et
1174 2755 1285 2842 implet

614 2865 728 2944 Deque
743 2860 813 2921 sinu
830 2859 925 2923 Genii
940 2857 1047 2921 nobile
1062 2857 1152 2920 ducit
1168 2878 1260 2941 opus.

526 2959 670 3026 Gentiles
686 2959 825 3023 Genium
841 2980 955 3022 numen
972 2957 1094 3022 duxere
1109 2957 1277 3035 caducum,

613 3063 733 3123 Natum
748 3056 901 3142 subjectas
916 3056 983 3121 fata
997 3056 1103 3122 subire
1118 3057 1173 3121 rei.
1413 3056 1477 3115 240

528 3160 641 3224 Verius
656 3158 707 3222 hic
722 3157 827 3222 natale
841 3158 960 3222 bonurn
976 3158 1113 3235 dicetur,
1128 3157 1283 3243 adaptans

615 3262 753 3328 Subdita
767 3261 927 3346 gratuitis,
942 3284 1034 3348 posse
1049 3263 1178 3327 subesse
1194 3260 1294 3325 bouis.

530 3365 670 3431 Dotibus
685 3364 858 3429 innumeris
873 3364 1048 3428 humanum
1064 3367 1168 3449 gratia
1183 3363 1264 3428 ditat

615 3468 660 3530 Et
675 3466 752 3530 facit
766 3467 909 3551 angelica
925 3479 1009 3531 sorte
1024 3465 1132 3551 vigere
1146 3487 1259 3550 genus.

573 3569 665 3643 Quod
677 3565 877 3650 philosophia
888 3570 1096 3650 praeeipuam
1111 3587 1232 3629 munus
1243 3568 1374 3647 gratiae.

528 3668 720 3734 Muneribus
734 3667 857 3730 cunctis
871 3665 1026 3751 praecallit
1044 3665 1261 3751 Philosophia,
1415 3665 1478 3726 ets

615 3770 718 3845 Quam
734 3768 877 3851 peritura
891 3782 982 3833 cavet
998 3790 1096 3848 mens,
1112 3789 1262 3850 generosa
1278 3766 1374 3852 petit;

531 3871 662 3954 Semper
676 3868 796 3953 ubique
811 3889 884 3930 suos
899 3869 1037 3932 cultores
1051 3879 1157 3944 ornat,
1173 3868 1317 3943 honorat,

619 3969 782 4047 Provehit,
797 3969 946 4033 adversos
960 3993 1083 4056 semper
1100 3970 1220 4056 ubique
1236 3969 1368 4056 premit;

533 4075 672 4137 Virtutes
687 4069 771 4157 parit
784 4083 816 4134 et
831 4069 944 4148 nutrit,
959 4070 1136 4154 vitiumque
1150 4093 1285 4134 noverca

615 4172 722 4247 Pellit,
736 4185 769 4236 et
783 4171 882 4234 errori
896 4194 958 4235 non
976 4172 1052 4235 sinit
1068 4194 1134 4236 esse
1150 4171 1265 4237 locum.
1416 4172 1480 4232 250

788 4277 840 4340 De
854 4273 982 4339 Nursia
997 4282 1028 4339 et
1034 4276 1118 4354 jocis
1132 4277 1211 4355 ejus.

530 4378 704 4460 Frangitur
720 4374 869 4453 adversis,
884 4375 1042 4440 extollunt
1059 4395 1209 4459 prospera
1225 4372 1374 4442 stultnm;

615 4480 718 4555 Quum
736 4476 811 4540 dare
829 4475 897 4538 vult
915 4475 1032 4559 populo
1050 4474 1166 4535 Nursia
1182 4495 1264 4534 caeoa
1276 4473 1397 4555 jocum,
