4242 5767
583 914 648 971 849
837 923 977 970 ῙΟΔΝΜδ
991 920 1274 970 SARESBBMENSIS

582 1078 744 1141 Walterus
753 1078 917 1159 Tyrrcllus
927 1078 993 1155 ille,
1007 1076 1061 1161 qui
1073 1077 1167 1158 regim
1179 1077 1268 1141 necis
1276 1097 1351 1140 rens
1365 1076 1555 1160 aplurimis

584 1180 689 1243 dictus
710 1189 769 1252 cst,
785 1200 827 1241 eo
847 1179 934 1263 quod
948 1180 995 1242 illi
1018 1180 1182 1242 familiaris
1204 1190 1272 1243 erat
1293 1190 1325 1243 ct
1339 1190 1417 1244 tnnc
1444 1182 1482 1244 in
1497 1182 1551 1245 in·

585 1282 702 1364 dagine
714 1281 848 1344 serarum
860 1281 996 1356 vicinus,
1007 1293 1039 1358 et
1049 1280 1116 1343 fere
1128 1279 1329 1360 singulariter
1340 1280 1552 1359 adhaerebat,

587 1385 683 1448 etiam
699 1403 798 1466 qnam
820 1394 927 1463 ageret
941 1383 973 1444 in
995 1383 1158 1457 extremis,
1173 1404 1210 1445 se
1226 1404 1245 1446 a
1260 1383 1350 1447 carde
1373 1383 1464 1448 illius
1484 1385 1548 1448 im·

586 1507 715 1548 munem
741 1505 810 1547 esse
832 1484 978 1547 invocato
1000 1485 1033 1545 in
1057 1484 1195 1548 animm
1219 1505 1309 1548 suam
1332 1484 1397 1550 Dei
1414 1484 1548 1569 jndicio

586 1597 779 1672 protestatus
800 1596 859 1650 est
905 1583 1047 1650 Fuerunt
1069 1587 1208 1669 plurimi,
1230 1590 1285 1670 qui
1305 1588 1412 1670 ipsum
1422 1609 1550 1670 regem

583 1690 728 1774 jaculum
744 1710 808 1773 qno
823 1690 1031 1773 interemptus
1046 1700 1097 1752 est
1110 1690 1235 1752 misisse
1250 1700 1411 1769 asserunt,
1433 1702 1468 1754 et
1482 1691 1548 1755 hoc

590 1792 752 1854 walterus
782 1793 847 1870 illo,
875 1793 935 1855 etsi
975 1813 1040 1855 uon
1081 1792 1260 1856 mederetur
1289 1794 1331 1870 ei,
1361 1803 1551 1856 constanter

591 1895 762 1957 asserebat.
814 1893 860 1958 Et
888 1894 1032 1977 profecto
1062 1895 1207 1978 quisquis
1235 1894 1297 1957 hoc
1327 1894 1450 1972 fecerit,
1482 1892 1552 1957 Dei

591 1996 751 2059 Ecclesiae
767 2016 832 2058 suae
848 1996 1085 2060 calamitatibus
1100 1995 1324 2080 compatientis
1340 1996 1552 2082 dispositioni

589 2095 727 2159 fideliter
741 2095 891 2160 obedivit.

639 2197 735 2260 Primi
758 2198 889 2280 quidem
905 2200 1048 2268 omnium
1064 2199 1104 2262 ad
1127 2210 1249 2284 patrem
1265 2203 1325 2265 sub
1351 2202 1437 2264 omui
1461 2202 1551 2264 cele-

593 2299 684 2360 ritate
722 2297 873 2359 monachi
904 2298 1152 2362 cantuarienses
1181 2315 1361 2365 occurrunt.
1416 2297 1554 2365 Deinde

595 2420 780 2483 magnorum
805 2399 941 2462 virorum
967 2401 1079 2463 nuncii
1102 2402 1292 2466 seinvicem
1315 2403 1552 2488 pravenientes

597 2504 692 2565 totius
721 2501 833 2564 insulae
868 2499 1071 2565 devotionem
1100 2515 1277 2586 exponunt.
1334 2503 1380 2567 Et
1416 2503 1558 2589 insuper

597 2603 730 2666 illustris
742 2621 797 2666 rex
810 2603 984 2684 Anglorum
997 2603 1170 2677 Henricus,
1181 2605 1234 2686 qui
1245 2604 1330 2668 sratri
1342 2615 1556 2681 successerat,

599 2705 740 2768 revocati
761 2726 780 2767 a
802 2725 836 2767 sc
857 2701 1092 2788 archiepiscopi
1113 2705 1250 2768 reditum
1272 2706 1412 2770 fideliter
1437 2728 1555 2790 procu·

600 2809 690 2870 rarit.
735 2808 779 2871 Se
798 2817 831 2870 et
846 2807 955 2870 omnia
977 2804 1067 2887 regni
1086 2808 1215 2889 negotia
1239 2829 1280 2871 ex
1304 2808 1391 2871 illius
1414 2810 1556 2873 consilio

601 2909 741 2994 pendere
770 2910 948 2994 pollicetur.
1002 2907 1133 2971 Studuit
1159 2909 1243 2972 enirn
1273 2911 1357 2972 inter
1385 2911 1478 2994 regni
1505 2911 1558 2975 sui

602 3013 747 3094 auspicia
760 3011 834 3095 pius
849 3021 881 3071 et
894 3019 1080 3072 mansuetus
1094 3010 1215 3090 baberi,
1230 3033 1288 3096 pro
1302 3034 1391 3077 more
1411 3024 1556 3096 potesta-

602 3125 682 3188 tum,
696 3133 768 3194 quae
784 3111 888 3174 donec
909 3111 1054 3175 solidatae
1076 3113 1149 3189 sint,
1165 3125 1400 3178 mansuescunt.
1447 3115 1557 3199 Siqui-

604 3213 678 3277 dem
703 3212 872 3277 mitissima
896 3235 966 3276 sors
991 3225 1041 3276 est
1067 3236 1235 3295 regnorum
1264 3218 1323 3278 sub
1353 3236 1430 3297 rege
1460 3237 1557 3280 noro.

607 3317 764 3380 Ceterum
780 3337 879 3399 quum
895 3315 961 3396 regi
975 3336 1062 3378 noro
1077 3315 1163 3398 apud
1184 3316 1410 3395 saresberiam,
1425 3316 1507 3402 quid
1524 3317 1559 3380 in

605 3420 754 3482 Romano
769 3417 908 3481 concilio
933 3428 1056 3499 gestum
1082 3419 1133 3494 sit,
1149 3418 1369 3500 exposuisset3
1399 3440 1478 3500 rege
1492 3429 1560 3482 tur·

606 3523 682 3585 bato
697 3522 804 3584 omnia
818 3521 852 3584 in
867 3521 1058 3583 contrarium
1076 3539 1166 3583 versa
1179 3532 1261 3584 sunt
1308 3522 1394 3593 Quot
1408 3522 1506 3602 igitur
1526 3532 1561 3586 et

609 3634 731 3703 quanta
744 3643 801 3705 pro
816 3622 963 3684 libertate
974 3622 1180 3685 ecclesiarum
1196 3623 1322 3686 duobus
1333 3625 1426 3686 annis
1440 3643 1563 3707 passus

609 3734 669 3798 est,
683 3723 809 3804 lougius
826 3733 875 3786 est
897 3744 1051 3787 enarrare.
1095 3724 1203 3795 Quum
1220 3746 1292 3787 rero
1314 3746 1371 3788 rex
1393 3726 1563 3795 *Hearicns

610 3820 732 3883 videret
755 3825 896 3886 Anselmi
923 3826 1135 3889 constantiam
1160 3825 1332 3898 invictam3
1370 3825 1495 3908 rogarit
1525 3837 1564 3892 ut

612 3945 684 3989 cum
700 3924 827 3987 nunciis
841 3925 906 3986 suis
930 3917 1066 3988 Romam
1082 3928 1151 4005 iret,
1166 3942 1198 3992 et
1220 3929 1315 4011 regiae
1338 3928 1506 4011 dignitatis
1526 3932 1563 3994 iu

612 4027 729 4111 Anglia
742 4026 826 4090 laesoe
841 4037 1025 4110 procuraret
1039 4027 1205 4092 medelam.
1251 4030 1399 4094 Universi
1411 4031 1564 4116 episcopi

613 4131 748 4215 Angliae,
763 4130 905 4206 abbates,
925 4138 957 4192 et
971 4149 1130 4210 proceres,
1144 4134 1324 4196 acclamant
1337 4131 1425 4196 istud
1439 4132 1508 4214 regi
1523 4133 1567 4199 dc

608 4238 681 4323 jure
710 4234 822 4316 negari
846 4254 912 4297 non
939 4253 1051 4315 posse:
1090 4232 1131 4295 ad
1157 4234 1227 4298 haec
1257 4236 1362 4319 iuquit
1391 4236 1569 4300 Anselmus

615 4337 897 4421 archiepiscopus:
927 4336 1019 4398 “lbo
1040 4335 1169 4420 quidem
1192 4338 1341 4420 quoniam
1362 4338 1477 4410 vultisr
1509 4339 1569 4404 sed

617 4442 767 4506 Ecclesia
791 4440 856 4502 Dei
877 4440 1023 4502 Romana
1044 4439 1123 4502 nihil
1147 4441 1280 4502 consilio
1304 4461 1376 4503 meo
1397 4442 1447 4503 rel
1471 4463 1570 4526 preca

617 4545 722 4621 faciet,
733 4542 820 4628 quod
831 4540 1036 4604 ecclesiarum
1049 4540 1237 4626 praejudicet
1247 4541 1398 4617 libertati,
1411 4556 1467 4609 aut
1482 4545 1572 4609 sedis
