4242 5767
523 870 587 929 310
779 881 914 926 Joaunrs
930 881 1203 928 sannsnnnmusrs

524 1036 750 1099 Cluniaeensis
774 1038 860 1121 apud
883 1038 1123 1112 Martiniacum,
1145 1034 1264 1099 accidit
1284 1043 1321 1097 ut
1344 1034 1389 1097 de
1415 1051 1495 1116 rege

526 1138 701 1218 Anglorum
735 1140 855 1202 mentio
885 1138 985 1201 fieret.
1030 1140 1142 1200 Abbas
1172 1148 1276 1201 autem
1306 1137 1495 1200 assertione

526 1239 675 1318 religiosa
697 1241 805 1302 multis
828 1241 1033 1303 audientibus
1055 1238 1184 1320 publice
1207 1248 1407 1322 protestatus
1431 1247 1496 1315 est,

522 1361 561 1402 se
576 1340 738 1421 preterita
749 1363 827 1405 voce
840 1339 958 1403 vidisse
974 1340 1112 1402 eundem
1125 1361 1228 1422 regem
1241 1349 1317 1401 ante
1335 1339 1494 1403 thronum

528 1443 593 1505 Dei
608 1457 791 1506 accusatum
808 1456 841 1507 et
863 1442 1075 1506 damnationis
1095 1442 1261 1525 excepisse
1282 1441 1493 1503 sententiam.

524 1544 685 1607 Mirantur
710 1545 884 1621 audientes,
907 1543 962 1606 sed
990 1565 1088 1626 quum
1115 1542 1320 1605 eminentiam
1347 1540 1494 1604 dicentis

523 1646 707 1724 attendunt,
722 1647 825 1710 verbis
839 1647 910 1731 ejus
925 1645 1021 1708 fidem
1038 1666 1104 1708 nou
1122 1646 1239 1707 habere
1255 1666 1320 1707 non
1336 1655 1490 1727 possunt.

528 1747 592 1810 Die
604 1748 750 1829 sequenti
765 1747 959 1827 Lugdunum
972 1748 1079 1823 venit,
1103 1759 1135 1809 et
1146 1747 1177 1808 in
1191 1745 1337 1808 kalendis
1347 1745 1492 1827 Augusti

520 1869 626 1930 quum
641 1869 753 1910 omnes
768 1848 979 1930 quiescerent,
990 1867 1067 1910 ecce
1077 1845 1206 1929 juvenis
1221 1856 1334 1908 ornatu
1349 1855 1490 1908 venusto

523 1970 564 2012 ae
588 1947 761 2013 venerabili
788 1952 876 2013 vultu
901 1949 1019 2012 clerieo
1044 1950 1100 2031 qui
1118 1960 1191 2012 ante
1209 1947 1327 2010 ostium
1349 1969 1489 2011 camerae

522 2050 655 2133 jacebat
680 2051 786 2113 adhuc
814 2063 850 2116 ut
876 2050 937 2114 sibi
967 2051 1135 2113 ridebatur
1161 2049 1297 2130 vigilans
1324 2050 1487 2132 apparuit,

528 2172 647 2214 vocans
662 2174 734 2214 enm
755 2154 884 2215 nomine
901 2175 971 2223 suo,
988 2155 1007 2186 ‘⁶
1021 2151 1155 2229 Adam,”
1167 2151 1283 2235 inquit,
1294 2153 1315 2183 “
1325 2147 1488 2214 dormis?”

526 2251 704 2332 respondit,
729 2252 874 2327 “N0n;”
898 2266 930 2315 et
957 2252 1083 2334 adjecit,
1107 2254 1196 2315 “Vis
1222 2253 1330 2315 andire
1355 2250 1489 2314 nova?”

528 2349 641 2428 Adam,
656 2352 675 2384 “
689 2351 867 2430 Libenter,”
876 2353 987 2436 inquit.
1018 2355 1063 2416 Et
1075 2355 1140 2432 ille,
1151 2355 1172 2389 “
1183 2356 1245 2417 Pro
1255 2365 1338 2419 certo
1352 2353 1490 2415 noveris

520 2452 870 2538 controversiamque
888 2457 1068 2518 vertebatur
1083 2455 1166 2518 inter
1181 2457 1363 2518 Anselmum
1380 2453 1491 2517 archi-

526 2552 716 2637 episcopum
731 2568 764 2617 et
779 2576 885 2636 regem
901 2556 1098 2618 Willelmum
1116 2557 1252 2638 Anglirc,
1263 2555 1396 2619 omnino
1412 2575 1489 2618 esse

519 2654 699 2718 ·deeisam.”
742 2656 794 2718 Ad
819 2656 906 2738 quod
932 2657 998 2734 ille,
1024 2658 1136 2719 oculos
1161 2658 1295 2739 erigens,
1320 2657 1488 2720 neminem

527 2755 617 2818 vidit.
652 2755 807 2840 Sequenti
822 2779 895 2820 vero
910 2770 1005 2820 nocte
1021 2759 1104 2821 alius
1120 2760 1201 2821 inter
1215 2759 1392 2822 matutinas
1407 2758 1487 2841 vigi-

528 2856 588 2920 lias
605 2858 723 2921 clausis
738 2860 841 2922 oculis
859 2872 946 2922 stans
961 2860 1139 2942 psallebat;
1168 2872 1200 2924 et
1214 2881 1290 2924 ecce
1305 2860 1440 2944 qnidam
1456 2861 1488 2924 ei

528 2959 670 3022 ostendit
692 2959 878 3037 chartulam,
893 2961 925 3021 in
950 2982 1013 3043 qua
1029 2964 1184 3046 scriptum
1206 2974 1289 3027 erat:
1316 2965 1408 3028 Obiit
1425 2986 1488 3029 rex

519 3059 718 3128 willelmus.
764 3060 884 3125 Oculos
910 3072 1016 3126 autem
1046 3067 1202 3148 aperiens,
1228 3066 1388 3130 neminem
1419 3069 1488 3132 nisi

527 3159 633 3223 socios
646 3161 735 3226 vidit.
773 3163 818 3226 Et
830 3175 905 3229 tunc
918 3165 1047 3248 quidem
1064 3166 1223 3230 Dominus
1239 3167 1278 3231 de
1294 3189 1368 3248 rege
1385 3169 1488 3253 impio

522 3262 680 3347 judicium
703 3288 795 3331 suum
811 3270 991 3332 terribiliter
1009 3281 1261 3352 perpetraverat;
1293 3270 1396 3354 etqui
1414 3272 1487 3334 vix·

527 3376 595 3429 erat
624 3368 807 3445 bestialiter,
837 3373 1003 3434 bestialem
1039 3372 1205 3434 invenerat
1241 3372 1364 3434 exitum
1400 3372 1487 3436 ritae.

528 3468 728 3533 Tristabatur
744 3474 931 3547 Auselmns3
961 3484 994 3535 et
1014 3473 1098 3536 sicut
1112 3474 1239 3536 Samuel
1257 3473 1388 3554 lugebat
1404 3472 1489 3538 Sau-

528 3568 591 3632 lem
614 3570 775 3655 dejectum
798 3572 985 3651 aDomino,
1001 3577 1046 3637 sie
1070 3575 1164 3637 istum
1185 3575 1219 3637 in
1242 3595 1275 3637 se
1290 3595 1489 3656 provocasse

528 3668 608 3731 iram
623 3670 767 3747 Domini,
781 3695 920 3737 moerens
938 3686 971 3739 et
988 3675 1104 3738 anxius
1123 3678 1323 3759 querebatur.
1368 3677 1489 3740 Mallet

529 3768 615 3830 enim
630 3771 662 3830 in
675 3773 876 3855 beneplacito
889 3776 1019 3839 Domini
1032 3778 1170 3861 seipsum
1182 3779 1215 3840 in
1233 3798 1375 3860 corpore,
1387 3799 1488 3860 quam

528 3869 618 3930 illum
634 3871 738 3934 taliter
753 3886 910 3937 mortuum
927 3899 1008 3940 esse.
