4242 5767
584 886 605 944 8
973 894 1151 943 santonus.

587 1021 860 1143 ataurq's'cripta
882 1071 952 1112 mea
973 1069 1174 1134 nequaquam
1196 1046 1355 1122 roderent,
1375 1044 1457 1108 sicut
1480 1064 1537 1104 nec

586 1138 784 1231 egdiliorum
798 1147 914 1233 scripta
925 1145 1093 1232 redarguo.
1121 1145 1206 1208 Mihi
1220 1157 1323 1208 tamen
1337 1163 1396 1228 pro
1407 1139 1537 1203 minimo

583 1227 707 1334 §adsuit
733 1247 871 1311 scribens
893 1247 934 1311 ab
960 1247 1022 1311 illis
1040 1246 1179 1333 judicer,
1204 1245 1260 1332 qui
1285 1241 1390 1329 magni
1418 1240 1538 1304 faciunt

585 1341 766 1427 mimorum,
776 1350 1031 1435 histrionumque
1035 1347 1170 1435 judicia,
1185 1361 1217 1412 et
1232 1347 1319 1411 velut
1335 1345 1416 1410 servi
1432 1343 1535 1429 abjec-

491 1502 498 1518 .
552 1443 710 1527 ‘2·tissimi‚
720 1463 947 1535 expavescunt,
959 1473 998 1513 ne
1013 1449 1053 1512 de
1070 1448 1108 1512 iis
1122 1468 1288 1534 perperam
1303 1446 1465 1532 loquatur,
1478 1456 1536 1507 aut

435 1524 563 1644 ,ᾗῇ-ξ’
585 1551 700 1615 sentiat
717 1549 829 1625 Thais,
845 1562 902 1614 aut
923 1548 1058 1622 Thraso,
1077 1547 1267 1621 Callirrhoe,
1281 1555 1339 1609 aut
1355 1543 1535 1628 Bathyllus.

585 1653 685 1715 Porro
700 1652 725 1716 si
743 1651 955 1737 Philosophiae
971 1649 1162 1737 professores
1176 1659 1414 1735 persequuntur
1429 1644 1536 1710 Philo-

583 1752 786 1837 sophantium
803 1765 987 1827 amatorem,
1000 1750 1095 1837 plane
1109 1749 1253 1837 injuriosi
1269 1760 1355 1824 sunt,
1370 1760 1401 1812 et
1416 1747 1448 1810 in
1464 1767 1533 1809 eam

584 1856 665 1920 male
679 1869 880 1921 remunerant
900 1855 1074 1919 caritatem.
1121 1858 1187 1918 Eos
1206 1853 1289 1916 enim
1305 1853 1363 1917 etsi
1380 1872 1533 1937 nequeam

583 1954 712 2029 imitari,
735 1969 821 2018 certe
843 1976 960 2027 amare,
983 1951 1150 2028 honorare,
1165 1964 1197 2015 et
1212 1953 1313 2015 colere
1336 1951 1533 2037 propositum

583 2069 640 2119 est.
688 2053 884 2117 Scholarium
907 2076 982 2115 vero
997 2052 1169 2115 debueram
1193 2052 1344 2114 meruisse
1369 2051 1531 2114 favorem:

583 2178 664 2241 quos
679 2168 736 2218 aut
751 2154 840 2239 quod
860 2167 946 2230 sunt,
961 2165 1016 2215 aut
1032 2152 1122 2236 quod
1141 2151 1285 2228 fuerunt,
1300 2151 1388 2237 quali
1404 2173 1533 2236 possum

582 2258 789 2321 advocatione
799 2254 946 2321 defendo.
991 2252 1090 2327 Quod
1102 2251 1128 2316 si
1145 2253 1267 2318 utiliter
1281 2275 1419 2337 gessero,
1428 2252 1533 2336 gratia

581 2374 612 2423 et
626 2382 743 2422 merces
753 2355 1040 2421 debetureventui:
1057 2355 1103 2418 sin
1117 2367 1224 2419 autem
1235 2355 1352 2431 minus,
1364 2353 1532 2418 voluntati.

584 2457 669 2522 Hinc
685 2471 732 2523 cst
747 2457 848 2521 illud:

721 2575 808 2642 Egisti
820 2574 895 2637 nihil,
908 2576 1001 2643 inquis,
1013 2580 1040 2627 et
1052 2591 1068 2625 a
1081 2582 1107 2627 te
1118 2575 1221 2645 perdita
1231 2591 1310 2626 causa
1321 2580 1373 2626 est:

755 2658 842 2709 Tanto
855 2657 913 2728 plus
924 2657 1013 2722 debes,
1026 2657 1118 2721 Sexte,
1131 2657 1200 2726 quod
1212 2657 1312 2710 erubui.

583 2761 698 2842 Neque
720 2757 837 2821 anima
860 2757 1080 2843 patrocinandi
1103 2757 1205 2821 officio
1221 2757 1357 2821 excludo
1381 2759 1531 2842 potiores,

580 2859 604 2919 si
623 2879 701 2921 meae
718 2858 895 2920 devotionis
911 2872 1070 2943 protestor
1085 2858 1246 2921 affectum.
1291 2859 1533 2925 Praestantiores

579 2979 757 3041 supremam
769 2972 1076 3042 nranurnapponant,
1084 2958 1162 3022 etad
1172 2957 1358 3022 sententiam
1369 2959 1530 3024 ferendam

580 3080 639 3142 pro
670 3056 791 3140 logicis,
821 3057 949 3120 Judicis
978 3057 1129 3122 inclinent
1159 3058 1307 3121 officium.
1365 3058 1529 3144 Siquidem

580 3178 679 3242 quum
695 3180 792 3242 opera
809 3158 984 3241 logicorum
999 3158 1227 3238 vehementius,
1236 3173 1386 3244 tanquam
1399 3159 1533 3240 inutilis,

579 3257 757 3339 rideretur:
781 3271 813 3320 et
830 3279 878 3320 me
894 3255 1123 3342 indignantem,
1138 3272 1169 3323 et
1185 3259 1384 3336 renitentem,
1396 3261 1532 3326 aemulus

578 3354 775 3443 quotidianis
791 3356 986 3443 serejurgiis
1008 3370 1203 3440 provocaret,
1219 3358 1345 3423 tandem
1367 3359 1452 3424 litem
1474 3383 1531 3425 cx·

578 3459 660 3545 cepi,
687 3460 781 3524 etad
805 3483 857 3523 eas
878 3459 1064 3538 calumnias,
1087 3483 1169 3546 quas
1191 3476 1426 3546 procuraverat,
1449 3464 1530 3528 sicut

577 3562 781 3645 emergebant
796 3561 907 3624 studui
924 3559 1123 3644 respondere.
1168 3561 1265 3624 Unde
1285 3562 1478 3643 factumest,
1495 3575 1531 3628 ut

578 3663 668 3725 illum
691 3663 834 3725 ordinem
859 3660 946 3745 sequi
967 3661 1159 3742 oportuerit,
1182 3686 1247 3746 quo
1270 3665 1322 3728 ille
1338 3667 1483 3750 urgebat,
1498 3635 1530 3731 el

578 3763 769 3846 plerumque
792 3764 884 3824 silere
906 3782 925 3822 a
948 3762 1136 3846 potioribus,
1154 3763 1230 3827 dum
1254 3763 1453 3830 diluerentur
1475 3769 1530 3832 ob-

573 3866 671 3949 jecta.
720 3864 792 3942 lpse
813 3861 894 3924 enim
918 3863 1121 3949 procurabat,
1136 3887 1231 3951 super
1249 3867 1368 3951 quibus
1387 3869 1530 3934 articulis

579 3965 671 4028 vellet
687 3964 860 4027 orationem
877 3962 1056 4049 procedere.
1103 3965 1227 4032 Placuit
1246 3967 1353 4054 itaque
1374 3971 1475 4048 sociis,
1492 3985 1527 4037 ut

577 4069 636 4130 hoc
652 4068 756 4151 ipsum
775 4065 986 4129 tumultuario
1001 4088 1143 4130 sermone
1159 4068 1331 4133 dictarem:
1355 4094 1455 4154 quum
1473 4096 1529 4138 nec

578 4170 618 4232 ad
635 4167 806 4231 sententias
821 4165 980 4230 subtiliter
995 4168 1231 4244 examinandas,
1243 4194 1299 4235 nec
1310 4172 1350 4234 ad
1364 4175 1461 4237 verba
1475 4197 1529 4236 ex-

577 4266 734 4355 polienda,
750 4265 891 4330 studium
909 4277 1098 4351 superesset,
1115 4281 1171 4332 aut
1186 4271 1302 4334 ocium.
1335 4274 1528 4336 Necessariis

576 4371 658 4435 enim
674 4367 937 4454 occupationibus
950 4368 1005 4432 vix
1015 4368 1136 4455 aliquid
1150 4372 1286 4457 amplius
1296 4372 1527 4448 deducebatur,

576 4495 672 4556 quam
690 4470 869 4535 relectionis
884 4468 972 4543 hora,
991 4469 1038 4532 rel
1056 4470 1188 4536 somnii:
1205 4496 1305 4558 quum
1323 4495 1361 4536 ex
1378 4472 1527 4539 mundato
