4242 5767
794 1418 967 1491 VARIAE
996 1411 1298 1492 LECTIONES.

805 1829 832 1896 1.
858 1834 908 1896 ΙΝ
932 1833 1295 1898 METALOGICUM.

613 1968 858 2026 anocucuu
882 1964 1051 2040 [secuudum
1073 1976 1182 2024 textum
1202 1965 1272 2021 edit.
1296 1965 1370 2040 Lug.
1390 1964 1454 2021 But.
1476 1964 1529 2020 Svo

574 2063 643 2145 min.
668 2061 768 2136 16³9.]
799 2061 834 2117 de
858 2077 931 2116 novo
957 2059 1063 2116 contuli
1089 2078 1153 2115 cum
1181 2058 1277 2114 codice
1305 2057 1395 2116 Msto
1421 2057 1471 2133 qui
1499 2058 1528 2113 in

573 2156 743 2214 bibliotheca
751 2154 865 2231 publica
877 2153 1103 2229 Cantabrigiensi
1113 2164 1236 2210 servatur
1246 2149 1297 2225 [1i‚
1307 2151 1411 2225 2‚31.]
1450 2150 1526 2216 Quae

575 2260 738 2327 sequuntur,
752 2247 878 2323 digniora
891 2256 957 2302 sunt
969 2255 1076 2301 notatu.

597 2374 630 2429 Ρ.
644 2373 716 2437 18,1.
747 2373 772 2425 1.
790 2372 1091 2425 evaserint-emerunt

644 2459 689 2519 33,
734 2455 777 2507 14.
795 2450 1037 2505 dicuntur-dicunt

647 2541 691 2604 56,
733 2538 775 2591 28.
794 2535 1124 2607 composita-suntposita

646 2626 690 2690 67,
731 2623 765 2676 18
791 2618 1163 2690 auetorsuus-auctorhujus

730 2707 772 2761 20.
791 2712 820 2759 et
829 2707 856 2758 in
868 2705 1108 2758 dictionibus-om.

729 2794 771 2846 24.
791 2790 997 2845 dicatur-dieat

648 2879 690 2944 70,
728 2879 772 2932 32.
791 2877 1002 2948 atejus-uteie

646 2964 689 3029 71,
732 2963 774 3020 17.
792 2962 936 3033 subjectum
947 2976 1047 3029 quoque
1060 2995 1068 3011 .
1081 2998 1088 3011 .
1100 2997 1107 3010 .
1121 2997 1127 3011 .
1140 2959 1450 3032 assignare-subjectum
1462 2980 1529 3031 quo·

826 3065 876 3116 que
897 3049 924 3098 in
947 3047 1099 3109 ωοίᾶοιιτὶα,
1111 3052 1139 3098 et
1166 3062 1263 3110 eorum,
1281 3064 1340 3115 que
1362 3048 1388 3101 ei
1406 3049 1526 3101 noeidunt

829 3130 1016 3192 diversitatem,
1028 3130 1157 3196 contingit
1167 3133 1303 3198 assignare

651 3220 694 3283 75,
735 3217 777 3272 23.
796 3217 918 3269 tic-om.

733 3301 776 3356 28.
794 3302 821 3352 in
832 3298 979 3371 puero-fit
990 3316 1070 3371 puero

732 3385 776 3442 31.
796 3384 995 3456 major-minor

652 3472 694 3536 79,
735 3472 778 3523 22.
796 3471 1012 3523 exercitus-om.

739 3556 782 3615 27.
799 3554 963 3626 plane-om.

653 3641 696 3706 82,
753 3642 778 3693 5.
800 3658 916 3693 ea-om.

741 3725 782 3783 17.
801 3731 908 3777 aut-et

652 3811 697 3877 87,
756 3812 782 3862 4.
801 3815 846 3861 ant
857 3810 952 3879 ipnum,
963 3812 1008 3859 aui
1020 3812 1131 3860 ut-aut
1142 3810 1234 3880 ipsum,
1248 3817 1276 3862 ut

742 3895 785 3952 27.
797 3892 982 3945 scilieet-om.

651 3978 696 4043 88,
738 3977 782 4032 22.
798 3975 1101 4029 indubitata-dubitata

650 4064 694 4130 89,
738 4063 778 4118 16.
796 4062 1103 4135 pmdoceri-procedere

735 4147 778 4201 28.
796 4148 1084 4200 auribus-auctoribus

652 4236 695 4298 94,
738 4234 780 4287 22.
798 4239 930 4303 aequo-et
944 4232 1029 4302 aliquo

655 4318 699 4382 95,
741 4316 781 4370 ll.
799 4316 1029 4370 naturis-nativis

657 4401 701 4466 97,
745 4402 768 4454 2.
803 4400 959 4455 illius-om.

733 4484 775 4539 18.
792 4485 862 4549 talis,
873 4491 919 4541 tut
929 4484 1077 4538 iste-MS.
1089 4484 1163 4540 hahet
1175 4484 1235 4540 tali·
1246 4495 1334 4541 autem
1345 4489 1396 4542 itte
