4242 5767
1426 468 1633 565 fflJQMAE

578 600 1004 734 afficimuslpamraea
1025 617 1091 715 ζ
1431 617 1613 674 „Af-r

677 925 718 980 tt
934 938 1073 982 :uanius
1089 936 1366 983 saaasumuausrs
1505 921 1585 1001 [uu.
1601 936 1624 981 r.

676 1089 748 1169 ista,
763 1089 893 1175 originis
908 1111 976 1153 suae
991 1090 1109 1154 sociata
1124 1090 1333 1167 sermonibus,
1349 1113 1442 1154 suum
1458 1089 1624 1155 commode

675 1191 815 1255 excitant
825 1191 1038 1256 intellectum:
1057 1193 1121 1257 alio
1129 1216 1203 1257 vero
1213 1193 1371 1268 traducta,
1384 1192 1472 1257 velut
1485 1191 1624 1256 naturali

675 1295 784 1377 vigore
796 1293 962 1370 destituta,
975 1308 1178 1375 evanescunt,
1190 1293 1240 1358 vel
1250 1295 1367 1358 absona
1379 1306 1466 1359 sunt.
1497 1294 1529 1358 Si
1539 1293 1622 1355 enim

675 1384 1625 1483 dicaturequaapatronymicus,illicdgram‘maticusauditor

675 1497 724 1560 vel
740 1497 858 1563 dicenti
878 1499 1117 1578 convitiabitur,
1134 1514 1170 1565 ut
1185 1500 1273 1565 verbi
1293 1501 1405 1565 vitium
1422 1511 1550 1585 purget,
1566 1510 1627 1560 aut.

674 1613 712 1664 ut
727 1605 864 1666 multum
881 1601 1022 1688 loquenti
1045 1602 1179 1677 deserat,
1196 1604 1277 1667 servi
1300 1603 1409 1666 comici
1427 1615 1537 1666 utetur
1551 1622 1624 1684 pro-

674 1704 795 1782 verbio,
812 1708 907 1771 Boua
923 1708 1015 1770 rerba
1031 1727 1150 1789 quoeao,
1197 1708 1277 1770 Haec
1293 1705 1403 1792 itaque
1419 1703 1623 1791 supplicatio,

674 1828 777 1870 noune
793 1806 862 1872 vitii
883 1806 1030 1893 quaedam
1055 1807 1261 1893 exprobratio
1276 1811 1348 1871 esti
1380 1807 1444 1885 Qui
1466 1806 1550 1868 enim
1566 1825 1625 1890 pro

673 1909 742 1973 istis
764 1911 847 1974 bona
872 1913 1001 1997 quaerit,
1024 1909 1094 1973 haec
1120 1910 1202 1975 bona
1229 1933 1295 1974 esse
1322 1907 1534 1996 proculdubio
1563 1927 1623 1969 non

673 2013 840 2076 consentit.
876 2009 1030 2095 Alioquin
1047 2011 1226 2095 elegantius
1240 2012 1370 2087 diceret,
1384 2014 1514 2075 meliora
1528 2010 1625 2074 uerbo

672 2134 791 2195 qaaeso.
833 2113 981 2177 Profecto
996 2112 1022 2175 si
1038 2112 1181 2187 modurn,
1197 2125 1253 2176 aut
1268 2126 1396 2198 tempus
1410 2112 1483 2197 quis
1499 2122 1624 2195 quaerat

672 2215 705 2278 in
728 2214 863 2294 nomine,
885 2236 1003 2288 casum,
1025 2227 1055 2277 et
1079 2213 1346 2298 comparationem
1369 2212 1400 2275 in
1424 2212 1532 2287 verbo,
1548 2232 1621 2274 eum

673 2316 766 2402 quasi
792 2338 947 2402 nugacem
972 2314 1199 2399 grammaticus
1228 2313 1414 2399 castigabit:
1448 2311 1534 2376 unde
1560 2333 1623 2373 non

672 2422 785 2504 opinor
799 2417 887 2504 quod
902 2417 1087 2503 patientiam
1100 2415 1315 2480 accommodet
1326 2413 1495 2501 discipulo,
1507 2435 1622 2497 equum

669 2525 923 2606 patronymicum
944 2519 1128 2608 appellanti.
1174 2519 1268 2582 Adeo
1287 2530 1394 2582 autem
1410 2530 1533 2582 naturae
1553 2538 1620 2578 suae

672 2623 829 2690 limitibus
840 2624 987 2689 secundae
997 2622 1372 2709 impositionisadjectiva
1383 2633 1525 2684 coartata
1535 2632 1621 2694 sunt,

673 2739 787 2792 utnon
804 2726 900 2790 modo
915 2749 976 2790 non
997 2737 1117 2811 queant
1133 2723 1172 2787 ad
1190 2744 1296 2787 rerum
1316 2723 1471 2786 vocabula
1485 2719 1622 2804 evagari,

673 2829 728 2893 scd
751 2852 809 2893 nec
834 2829 993 2914 aquibus
1017 2826 1121 2891 indita
1143 2838 1229 2905 suut,
1251 2824 1344 2910 longe
1371 2824 1525 2888 recedere.
1571 2822 1621 2884 Si-

621 2877 639 3027 i
672 2929 802 3018 quidem
825 2930 1002 3016 propositio
1024 2941 1109 2992 recte
1134 2926 1253 2991 dicitur
1275 2928 1483 3008 hypothetica,
1507 2948 1620 2991 nomen

627 3032 633 3068 ‘
669 3036 934 3117 patronymicum.
981 3031 1014 3094 Si
1037 3029 1174 3093 vicissim
1197 3042 1312 3104 vertas,
1327 3041 1363 3093 ut
1384 3028 1510 3094 dicatur
1527 3032 1622 3113 lrypo-

671 3139 821 3201 {Italicam
849 3154 974 3207 nomeu,
997 3132 1172 3214 propositio
1194 3134 1427 3214 patronymica,
1458 3145 1514 3197 aut
1539 3133 1621 3196 nihil

669 3238 784 3324 utique
799 3236 895 3315 dices,
911 3234 1128 3298 Grammatico
1139 3231 1259 3320 judice,
1275 3246 1332 3297 aut
1347 3231 1453 3319 inepte
1469 3233 1619 3321 loqueris.

668 3347 829 3408 Praeterea
839 3362 940 3424 penas
955 3361 1050 3402 usum
1065 3348 1110 3402 eat
1121 3359 1246 3402 summa
1256 3336 1455 3401 examinandi
1470 3340 1621 3404 sermonis

670 3446 855 3521 auctoritas,
865 3463 969 3528 neque
984 3463 1021 3503 eo
1033 3461 1095 3502 non
1112 3438 1298 3504 restituente
1311 3438 1520 3520 convalescet,
1532 3443 1621 3527 quod

669 3545 738 3634 ipse
753 3546 961 3611 condemnat:
985 3542 1059 3607 hinc
1075 3559 1124 3606 est
1138 3541 1231 3621 illud,

422 3644 492 3786 wli
504 3663 514 3734 l
529 3659 593 3780 lq
697 3668 733 3762 ff
775 3683 863 3736 Multa
874 3686 1048 3741 renascentur,
1060 3697 1117 3746 quae
1126 3679 1181 3748 jam
1193 3678 1318 3741 cecidere,
1330 3678 1483 3746 cadentque,

584 3782 588 3794 ·
710 3771 722 3829 l
773 3762 1279 3832 Quoeuuncsuutiuhouorerocabula,
1292 3764 1313 3814 si
1327 3763 1483 3844 volaturus:

708 3832 724 3887 ’Ἰ
775 3854 861 3915 Quem
872 3866 951 3921 penos
962 3849 1097 3901 arbitrium
1108 3855 1150 3899 cst
1160 3853 1188 3899 et
1195 3849 1250 3918 jus,
1262 3853 1289 3899 et
1300 3866 1390 3900 norma
1400 3849 1530 3917 loquendi.

668 3971 758 4038 Sicut
781 3965 865 4029 enim
886 3967 923 4026 in
936 3964 1015 4042 jure
1034 3958 1163 4039 dicitur,
1177 3961 1264 4043 quod
1281 3964 1477 4027 consuetudo
1498 3968 1618 4048 optimo

666 4077 772 4156 legam
786 4062 1021 4149 interpretat.-
1045 4060 1135 4126 sicet
1153 4085 1228 4125 usus
1243 4073 1326 4127 recte
1342 4063 1553 4148 loquentium,
1569 4079 1616 4132 est

665 4168 904 4262 potentissimus
917 4165 1075 4249 interpres
1089 4161 1283 4248 regularum.
1315 4165 1411 4229 Unde
1422 4188 1616 4254 consequens

667 4275 822 4341 arbitror:
850 4267 928 4354 quia
950 4265 982 4328 id
1009 4263 1097 4350 quod
1120 4287 1277 4351 nusquam
1304 4266 1457 4353 scriptum
1486 4268 1615 4355 legitur,

667 4403 726 4445 uec
756 4373 873 4439 alicubi
898 4393 917 4434 a
940 4381 1025 4433 recte
1055 4367 1262 4454 loquentibus
1291 4370 1441 4446 auditur:
1474 4371 1528 4435 scd
1559 4395 1616 4437 nec

667 4478 788 4568 aliquid
805 4474 929 4563 generis
943 4472 1022 4557 ejus,
1033 4470 1157 4559 pridem
1174 4473 1359 4537 damnatum
1372 4497 1447 4550 esse,
1460 4492 1517 4539 aut
1532 4490 1617 4542 certe

668 4584 811 4647 nondum
826 4604 844 4644 a
860 4575 1076 4664 grammaticis
1090 4575 1315 4662 approbatum.
1356 4577 1418 4643 Scd
1434 4599 1492 4642 nec
1507 4579 1618 4665 prima:
