4242 5767
855 1447 1020 1521 INDEX
1049 1447 1294 1521 CAPITUM.

922 1775 1043 1828 LIBER
1063 1773 1223 1827 PRIMUS.

615 1890 638 1942 1.
657 1891 828 1946 Canusinus
840 1911 898 1963 quae
909 1899 938 1946 ut
949 1893 1090 1975 Q
1102 1910 1148 1946 suo
1159 1890 1363 1962 responderetur,
1375 1893 1492 1945 extorsit.

614 1977 640 2029 2.
658 1977 807 2050 Descriptio
818 1996 933 2050 personae
943 1996 1080 2051 suppresso
1091 1978 1205 2030 nomine.

611 2062 638 2114 ³.
657 2063 779 2128 Quando,
790 2065 909 2134 qualiter,
922 2070 949 2117 et
959 2082 976 2116 a
987 2065 1082 2134 quibus
1092 2063 1171 2117 finerit
1182 2063 1326 2116 institntus.

611 2149 637 2198 4.
656 2148 775 2210 Qualiter
786 2151 915 2202 evaserint
927 2156 1058 2202 consortes
1071 2150 1171 2203 erroris.

611 2235 638 2284 b.
654 2234 766 2296 Quantis
777 2236 847 2300 viris,
859 2241 887 2287 et
898 2253 943 2287 cur
954 2233 1054 2287 familia
1065 2234 1111 2286 illu
1123 2233 1260 2287 detrahere
1273 2233 1376 2286 audeat.

610 2317 636 2370 6.
655 2320 759 2382 Quibus
769 2321 913 2373 rationibus
926 2321 1032 2373 nitamr.

611 2404 635 2461 ’1.
654 2405 697 2457 De
709 2404 942 2458 commendatione
954 2404 1116 2474 eloquentie.

609 2488 637 2543 8.
656 2491 736 2553 Quod
747 2498 840 2544 ustura
846 2493 964 2563 juvanda
974 2498 1024 2556 est,
1035 2510 1085 2544 usn
1097 2498 1123 2545 et
1135 2493 1269 2546 exercitio.

608 2576 635 2628 9.
655 2575 733 2637 Quod
743 2576 861 2628 homines
872 2577 962 2628 nititur
973 2575 1091 2644 elingues
1102 2575 1197 2640 facere,
1209 2578 1254 2645 qni
1264 2576 1376 2644 logicam
1387 2576 1533 2647 impugnat.

590 2660 635 2712 10.
655 2661 727 2723 Quid
739 2661 869 2727 significet
879 2678 973 2713 rsomen
989 2660 1097 2728 logione:
1119 2668 1146 2713 ct
1157 2662 1225 2730 quod
1238 2677 1327 2713 omnes
1338 2672 1408 2712 artes
1419 2661 1542 2725 colende,

698 2746 749 2797 nisi
759 2745 897 2816 reprobata
907 2745 968 2797 sint

589 2830 633 2884 ll.
653 2830 724 2893 Quid
742 2847 798 2883 ars:
817 2836 844 2882 et
861 2830 894 2883 dc
905 2828 1047 2902 Speciebus
1063 2829 1235 2913 ingeniorum,
1248 2836 1275 2883 et
1292 2829 1361 2899 quod
1379 2829 1477 2883 ortibus
1495 2848 1540 2884 ex·

695 2915 884 2969 oolendcsunt.
1627 2931 1628 2936 ’

588 3000 632 3052 12.
653 2999 731 3052 Unde
742 3005 811 3052 eries
822 3000 940 3052 dieantur
951 2998 1081 3053 liberales.

588 3084 632 3137 1³.
651 3084 730 3137 Unde
741 3085 842 3138 dicatur
854 3085 1039 3138 Grammatico.

587 3169 630 3221 14.
649 3170 729 3232 Quod
739 3171 804 3240 ipss,
817 3170 868 3222 etsi
878 3169 1005 3222 naturalis
1015 3188 1068 3223 non
1079 3172 1123 3236 sit,
1135 3175 1254 3224 naturam
1265 3171 1390 3223 imitatur.

586 3255 630 3307 1⁵.
649 3255 727 3317 Quod
739 3255 866 3326 adjectiva
881 3255 1001 3308 secundse
1012 3256 1183 3326 impositionis
1202 3254 1369 3307 substantivis
1385 3256 1474 3326 primae
1486 3272 1536 3306 non

691 3345 752 3411 epte
763 3339 924 3409 copulantur,
936 3345 964 3391 nt
977 3357 1058 3408 equus
1070 3341 1269 3411 patronymicus.

586 3425 629 3479 16.
649 3424 729 3486 Quod
739 3423 868 3494 adjectiva
879 3423 976 3492 prime,
988 3423 1157 3474 substantivis
1168 3423 1258 3494 primis
1265 3424 1418 3492 junguntur.

585 3511 629 3568 17.
648 3509 728 3572 Quod
739 3513 767 3561 et
778 3510 805 3561 in
817 3508 917 3580 poetico
927 3513 1045 3560 natirram
1056 3508 1180 3560 imitatur.

585 3592 629 3646 18.
648 3593 721 3656 Quid
732 3592 806 3661 sequi
817 3592 918 3656 doceat,
930 3597 958 3643 et
969 3591 1031 3661 quid
1042 3592 1125 3644 vitare
1135 3592 1314 3660 grammatice.

585 3678 628 3732 19.
647 3679 726 3742 Quod
736 3678 879 3747 figurarum
890 3677 1008 3749 perutilis
1019 3683 1060 3730 est
1070 3678 1192 3746 cognitio.

583 3761 628 3814 20.
646 3762 679 3814 ln
691 3762 784 3832 quibus
796 3760 998 3814 Grammaticnrn
1009 3766 1127 3833 oporteat
1138 3763 1265 3833 occupari.

584 3846 626 3898 21.
649 3846 763 3908 Quantis
773 3847 835 3899 viris
845 3845 970 3919 placuerit
976 3865 984 3911 ;
1002 3852 1029 3899 et
1039 3846 1108 3915 quod
1125 3846 1181 3899 sino
1195 3864 1227 3900 ea
1238 3865 1288 3899 non
1301 3848 1386 3915 magis
1396 3850 1455 3918 quis
1468 3849 1530 3902 Phi·

687 3931 817 4003 losophari
828 3936 923 4002 potest,
935 3949 1012 4000 quam
1024 3932 1046 3983 si
1058 3933 1093 3983 sit
1103 3932 1195 3984 surdus
1206 3938 1251 3985 eut
1262 3940 1357 3986 mutus.

582 4019 627 4073 22.
646 4017 725 4080 Quod
736 4017 889 4070 auctoritate
901 4016 1006 4068 Seneeoe
1017 4033 1093 4069 sunm
1104 4022 1207 4070 tueatur
1218 4035 1338 4071 errorem.

583 4102 626 4156 23.
647 4102 715 4164 Qum
730 4102 858 4173 precipua
874 4101 927 4153 sint
941 4100 976 4152 ad
991 4101 1142 4154 exercitium
1156 4101 1331 4174 Philosophiae
1342 4109 1369 4156 et
1380 4104 1491 4167 virtutis,
1504 4111 1531 4156 et

687 4186 755 4256 qnod
767 4187 936 4254 grammatica
948 4191 989 4238 est
999 4203 1088 4238 eorum
1100 4185 1304 4241 fundamentum.

581 4274 617 4326 24
635 4272 677 4325 De
688 4290 736 4325 usu
747 4271 863 4339 legendi,
875 4276 902 4324 et
917 4270 1075 4342 praelegendi
1089 4274 1273 4326 consuetudine
1290 4274 1419 4327 Bernerdi
1432 4272 1529 4324 Curuo·

687 4357 778 4421 tensis,
791 4362 819 4410 et
829 4357 976 4426 sequacium
987 4357 1051 4429 ejus.

580 4443 624 4496 25.
643 4442 769 4514 Epilogus
779 4441 865 4496 laudis
876 4441 1061 4496 Grammaticos
1073 4459 1107 4496 ex
1120 4442 1293 4506 Quintiliano.

1028 4568 1098 4656 1³2
