4242 5767
612 882 654 941 62
856 898 992 943 rasurus
1008 890 1286 948 stausnsaransrs
1426 884 1508 963 [trs.
1525 905 1561 949 11.

610 1047 651 1112 ab
666 1047 805 1112 humana
816 1052 1043 1114 constitutione
1055 1050 1243 1136 plerumque
1255 1051 1393 1137 vigorem
1410 1068 1555 1120 sumunt:

609 1162 640 1214 et
656 1150 743 1236 quod
767 1150 903 1236 publicae
924 1150 1056 1217 utilitati
1076 1152 1219 1217 creditur
1239 1155 1399 1240 expedire,
1419 1158 1557 1222 naturali

603 1252 741 1338 justitiae
766 1267 962 1340 coaequatur.
1002 1254 1169 1320 ‘Nondum
1200 1269 1305 1321 tamen
1334 1257 1480 1322 absoluta
1510 1272 1557 1324 est

609 1355 742 1440 Logica,
757 1378 868 1442 quam,
879 1356 939 1420 etsi
951 1355 1083 1420 mutilus
1095 1357 1147 1436 sit,
1158 1370 1189 1421 et
1202 1357 1339 1444 amplius
1348 1358 1556 1436 mutilandus,

608 1459 797 1524 Cornificius
823 1460 974 1546 parietem
1002 1458 1138 1524 solidum
1165 1461 1272 1525 caecati
1297 1484 1383 1525 more
1412 1461 1556 1547 palpans,

605 1557 810 1645 impudenter
844 1573 992 1638 attentat,
1029 1575 1061 1625 et
1099 1560 1317 1647 impudentius
1358 1563 1553 1629 criminatur.

606 1661 730 1748 Utique
744 1661 886 1727 veritatis
901 1663 1032 1726 amatori
1054 1685 1116 1726 non
1138 1662 1263 1747 placent
1274 1665 1395 1749 jurgia,
1411 1677 1442 1728 et
1459 1665 1554 1745 ultro,

606 1763 724 1827 nedum
754 1776 877 1849 sponte,
906 1787 939 1827 se
968 1763 1129 1828 subtrahit
1168 1768 1377 1842 contentioni,
1407 1766 1555 1852 quisquis

605 1865 809 1952 amplectitur
830 1866 1003 1931 caritatem.
1049 1866 1110 1946 Sit,
1125 1878 1181 1929 aut
1204 1888 1265 1929 non
1281 1867 1334 1947 sit,
1348 1870 1555 1953 grammatica

604 1988 679 2054 pars
705 1967 831 2051 logices,
855 1990 916 2031 uon
939 1967 1116 2032 contendo:
1147 1980 1271 2032 constat
1293 1969 1389 2046 euim,
1409 1970 1497 2056 quod
1522 1972 1554 2035 in

605 2067 804 2131 sermonibus
819 2068 966 2148 vertitur,
977 2091 1096 2154 eosque
1111 2068 1283 2145 ministrat,
1293 2069 1352 2133 etsi
1370 2091 1431 2133 non
1446 2094 1555 2137 omnes

604 2191 782 2233 sermonum
808 2171 966 2235 examinet
991 2171 1139 2236 rationes.
1191 2169 1245 2236 Tu
1273 2193 1347 2235 vero
1370 2170 1422 2235 cui
1452 2172 1492 2236 de
1518 2196 1552 2237 re

602 2284 737 2349 constat,
751 2272 792 2335 de
814 2275 939 2335 nominc
956 2271 1129 2356 judicabis,
1148 2294 1284 2358 eamque
1305 2271 1428 2336 cunctis
1449 2271 1552 2357 appli-

600 2372 688 2437 cabis
710 2373 924 2437 sermonibus:
957 2385 1013 2437 aut
1035 2373 1119 2437 circa
1142 2373 1299 2437 rationum
1323 2372 1480 2438 duntaxat
1503 2375 1549 2438 in-

602 2476 749 2540 stantiam
771 2475 956 2540 coarctabis.
1001 2479 1075 2540 Non
1099 2474 1236 2538 formido
1250 2474 1423 2561 judicium,
1439 2476 1496 2562 qui
1516 2488 1548 2540 et

600 2576 641 2640 de
662 2578 816 2665 aequitate
834 2601 949 2653 causa,
969 2590 1001 2642 et
1019 2577 1140 2663 judicis
1161 2578 1287 2664 peritia,
1309 2591 1341 2643 et
1361 2577 1549 2659 sinceritate,

598 2681 736 2744 confido.
783 2681 1006 2768 Respiciamus
1027 2700 1106 2766 ergo
1126 2702 1166 2744 an
1182 2683 1365 2757 rationalis,
1386 2681 1474 2745 utilis
1494 2681 1546 2755 sit,

599 2797 633 2848 et
648 2785 729 2849 vires
751 2787 832 2872 ejus,
854 2786 1030 2850 reluctante
1051 2783 1180 2859 aemulo,
1196 2784 1374 2848 metiamur.
1421 2784 1459 2846 ln
1482 2806 1549 2869 quo

597 2885 742 2970 quidem,
768 2886 985 2949 tantominus
1010 2885 1127 2947 laboris
1151 2907 1222 2947 meo
1251 2883 1406 2948 incumbit
1432 2883 1545 2960 officio,

597 3000 720 3071 quanto
734 2986 874 3050 favorem
891 3008 984 3051 suum
1006 2984 1101 3049 etiam
1117 2984 1197 3049 citra
1210 2984 1456 3071 persuasionem,
1471 2986 1547 3049 faci·

597 3088 661 3152 lius
682 3086 836 3174 impendit
857 3086 996 3152 auditor.
1040 3088 1159 3152 Omnes
1178 3087 1260 3151 enim
1284 3109 1317 3150 se
1336 3108 1407 3174 esse
1426 3085 1547 3173 logicos

595 3190 785 3277 gloriantur,
795 3212 857 3254 nou
873 3189 969 3254 modo
985 3189 1040 3276 qui
1057 3188 1219 3253 scientiam
1235 3188 1398 3275 aliquibus
1411 3212 1546 3274 supera·

595 3303 709 3358 verunt
732 3291 905 3372 blanditiis,
925 3290 980 3355 sed
1001 3304 1033 3355 et
1051 3290 1109 3370 illi,
1129 3289 1185 3378 qui
1208 3314 1277 3356 earn
1298 3289 1440 3356 nondum
1464 3291 1545 3357 salu·

595 3405 745 3459 taverunt
760 3415 778 3457 a
795 3393 922 3458 lumine.

593 3656 674 3740 Cap.
694 3660 720 3718 l.
745 3656 841 3722 Quod
853 3657 967 3734 topica,
977 3675 1013 3716 eo
1024 3654 1110 3736 quad
1122 3673 1229 3716 oerum
1246 3654 1428 3737 quemad
1441 3660 1540 3718 totam

867 3755 1001 3836 profim't
1010 3755 1260 3836 philosophiam.

635 3911 692 3975 Ur
711 3911 821 3996 itaque
840 3910 976 3974 nominis
995 3908 1184 3994 significatio
1203 3910 1420 3987 contrahatur,
1435 3911 1539 3996 logica

591 4024 639 4075 est
667 4012 750 4075 ratio
785 4008 970 4091 disserendi,
1000 4032 1058 4096 per
1094 4031 1190 4096 quam
1230 4009 1328 4074 totius
1360 4010 1539 4098 prudentiae

590 4112 724 4196 agitatio
738 4112 905 4177 solidatur.
935 4113 1042 4189 Quum
1059 4112 1143 4176 enirn
1158 4113 1299 4175 omnium
1316 4113 1538 4198 expetibilium

591 4214 696 4299 prima
717 4214 758 4279 sit
777 4213 942 4301 sapientia,
957 4213 1123 4299 ipsiusque
1142 4212 1268 4276 fructus
1285 4213 1318 4277 in
1336 4236 1442 4277 amore
1462 4215 1538 4278 boni

590 4328 623 4379 et
646 4315 802 4381 virtutum
829 4315 918 4380 cultu
945 4315 1107 4396 consistat,
1129 4326 1264 4378 mentem
1288 4335 1413 4379 necesse
1435 4328 1483 4381 est
1506 4319 1538 4381 in

591 4417 677 4482 illius
691 4417 933 4504 investigatione
944 4418 1074 4495 versari,
1089 4430 1121 4482 et
1137 4440 1198 4494 res,
1214 4417 1308 4503 plena
1324 4417 1540 4503 inquisitione,

589 4517 757 4598 discutere,
773 4534 809 4586 ut
831 4521 860 4584 ei
876 4519 916 4584 de
938 4516 1071 4604 singulis
1090 4541 1159 4582 esse
1181 4517 1279 4605 possit
1303 4541 1421 4605 purum
1437 4521 1539 4584 incor-
