4242 5767
939 919 1043 963 INDEX
1059 919 1217 964 CAPITUM.

901 1136 1020 1189 LIBER
1038 1135 1254 1189 SECUNDUS.

623 1237 645 1288 1.
665 1237 752 1300 Quen
763 1237 856 1305 logica,
869 1257 901 1292 eo
913 1240 981 1310 quod
992 1257 1080 1292 rerum
1092 1241 1193 1309 quaerit,
1205 1240 1239 1291 ad
1251 1245 1332 1291 totam
1344 1235 1452 1309 preficit
1461 1233 1548 1287 Philo·

592 1294 618 1337 ν
707 1321 831 1392 sophiam.

622 1406 645 1455 2.
666 1406 708 1458 De
719 1412 791 1458 secta
804 1407 1044 1479 Peripateticorum,
1057 1414 1084 1460 et
1095 1414 1151 1460 ortu
1163 1407 1271 1475 logices,
1283 1413 1311 1459 et
1322 1409 1379 1478 ejus
1391 1411 1504 1457 auctore.

620 1493 645 1543 3.
664 1492 740 1554 Quod
752 1493 837 1561 logica
846 1494 1087 1566 philosophantibus
1096 1493 1260 1565 praelegenda
1270 1499 1319 1556 est,
1326 1500 1352 1545 et
1361 1493 1395 1544 de
1407 1488 1553 1542 differentia

705 1579 921 1643 demonstrativae,
933 1581 1049 1650 itemque
1061 1579 1212 1651 probabilis,
1225 1580 1338 1648 Logicrc,
1351 1584 1378 1629 et
1390 1574 1549 1648 Sophisticse.

581 1659 609 1696 f
619 1665 644 1715 4.
663 1664 735 1726 Quid
749 1665 903 1730 Dialectica,
916 1672 942 1718 et
953 1667 1023 1718 unde
1035 1667 1153 1719 dicatur?

619 1752 642 1802 δ.
663 1751 706 1803 De
718 1753 834 1822 partibus
848 1752 1007 1817 Dialecticce,
1019 1759 1046 1804 et
1057 1751 1111 1805 fine
1124 1753 1286 1820 Logicornm.

618 1837 644 1889 6.
664 1837 743 1898 Quod
755 1855 844 1890 ornnes
856 1839 978 1905 Logicam
990 1844 1125 1909 appetunt,
1138 1838 1184 1889 sed
1196 1856 1247 1889 non
1259 1855 1349 1889 omnes
1360 1835 1537 1903 assequuntur.

619 1925 644 1979 I·
663 1923 739 1984 Quod
751 1923 904 1991 nugiloquos
915 1923 1082 1976 ventilatores
1093 1924 1211 1975 dedoceri
1223 1929 1333 1994 oportet,
1345 1928 1373 1974 ut
1385 1923 1476 1974 sciant.

617 2007 643 2060 8.
661 2008 739 2070 Quod
753 2025 797 2060 eos
810 2006 966 2059 Aristoteles
977 2012 1176 2078 compescuerat,
1188 2009 1211 2058 si
1223 2008 1362 2059 audiretur.

587 2094 642 2170 Ι[9.
662 2094 740 2156 Quod
751 2093 877 2146 inefficax
889 2099 930 2145 est
943 2093 1087 2145 Dialectica
1099 2094 1120 2144 si
1136 2092 1244 2144 aliarum
1260 2091 1451 2162 disciplinarum
1467 2089 1546 2141 ‹lesti-

704 2186 792 2234 tnatur
803 2179 910 2231 auxilio.

601 2268 642 2320 lo.
661 2267 778 2329 Quorum
789 2267 942 2318 anctoritate
953 2265 1135 2335 praecedentia,
1147 2270 1174 2318 et
1185 2265 1321 2334 sequentia
1332 2268 1458 2315 constent.

601 2354 641 2406 11.
660 2353 732 2415 Quid
744 2351 799 2404 sole
812 2350 956 2403 Dialectica
968 2351 1056 2422 possit.

599 2438 641 2489 12.
661 2437 693 2488 In
705 2436 797 2505 quibus
808 2439 909 2487 constet
920 2435 1072 2487 exercitium
1084 2435 1150 2505 ejus,
1160 2439 1187 2486 et
1199 2451 1249 2503 qno
1260 2439 1347 2486 utatnr
1357 2434 1546 2487 instrumento?

599 2523 640 2575 13.
659 2522 772 2584 Quantae
783 2519 905 2572 utilitatis
917 2521 952 2573 sit
962 2520 1071 2572 scientia
1082 2518 1265 2591 probabilium:
1289 2525 1317 2571 et
1327 2537 1385 2588 qnae
1395 2519 1547 2591 simpliciter

700 2607 846 2659 necessaria
858 2623 909 2658 non
920 2603 996 2658 facile
1008 2606 1183 2658 innocescant.

598 2690 640 2743 14.
659 2690 728 2743 Item
740 2691 774 2744 de
786 2690 886 2742 eodem.

598 2777 640 2830 15.
658 2777 726 2839 Quae
737 2776 876 2847 propositio
888 2777 922 2827 sit
934 2775 1083 2827 dialectica:
1102 2775 1163 2844 quid
1175 2775 1323 2846 problema?

597 2862 638 2913 16.
657 2862 736 2923 Quod
749 2876 837 2911 omnes
848 2860 893 2911 alii
905 2857 1060 2932 professores
1071 2859 1148 2930 hujus
1161 2859 1298 2913 Aristoteli
1309 2860 1413 2914 cedunt.

598 2946 638 3003 17.
658 2946 745 3008 Quam
762 2945 905 3016 perniciose
923 2945 1054 3010 doceatur,
1076 2952 1102 2998 et
1121 2963 1179 3014 quae
1196 2943 1291 2998 suerint
1309 2946 1342 2999 de
1360 2949 1500 3014 generibus
1518 2955 1545 3002 et

701 3031 834 3102 speciebus
846 3032 981 3102 opiniones
993 3031 1181 3084 modernorum.

598 3117 639 3170 18.
658 3117 735 3179 Quod
747 3116 910 3186 posteriores,
922 3133 1023 3186 semper
1034 3116 1147 3186 priorum
1159 3118 1292 3188 opiniones
1302 3119 1449 3172 immutant.

598 3202 638 3254 19.
658 3201 690 3253 In
702 3219 754 3269 quo
764 3217 815 3251 non
827 3201 862 3251 sit
873 3201 1030 3270 parcendum
1043 3199 1188 3254 doctoribus
1199 3201 1355 3272 hujusmodi.

596 3286 638 3338 20.
657 3285 795 3339 Sententia
818 3283 972 3336 Aristotelis
998 3283 1031 3336 de
1057 3286 1199 3351 generibus
1222 3293 1249 3338 et
1271 3289 1415 3358 speciebus,
1438 3289 1542 3342 circnm-

698 3368 796 3422 vnllats
813 3369 956 3422 rationibus
973 3367 1072 3434 multis,
1090 3375 1117 3421 et
1135 3367 1273 3423 multarum
1293 3372 1441 3425 testimonio
1464 3374 1542 3444 scrip·

699 3463 821 3507 turarum.

908 3691 1027 3745 LIBER
1045 3692 1226 3746 TERTIUS.

614 3795 638 3847 1.
657 3794 802 3856 Quonono
816 3791 985 3864 Porphyrium
995 3792 1051 3859 legi
1063 3797 1188 3863 oporteat,
1200 3798 1227 3846 et
1237 3793 1303 3847 alios
1314 3800 1450 3850 auctores?

613 3879 637 3930 2.
656 3877 699 3930 De
712 3875 912 3943 Cetegoriarum
923 3874 1046 3940 utilitate,
1059 3882 1087 3928 et
1098 3877 1285 3931 instrumentis.

611 3961 638 4013 3.
656 3961 724 4023 Quoe
741 3960 776 4011 sit
793 3959 1048 4031 praedicamentorum
1066 3961 1206 4032 conceptio,
1218 3967 1245 4013 et
1261 3963 1354 4033 quibus
1371 3971 1492 4021 contenta
1508 3971 1544 4024 sit

699 4045 825 4097 sobrietas
837 4043 1092 4117 philosophantium?

612 4133 637 4183 4.
656 4130 724 4192 Quae
744 4130 780 4181 sit
800 4127 943 4200 conceptio
964 4135 991 4181 et
1010 4129 1111 4182 ntiIitas
1134 4129 1366 4187 Periermenierurn
1387 4134 1427 4188 vel
1449 4139 1543 4193 rectius

700 4214 909 4267 Periermenins?

584 4309 605 4336 ν
612 4304 639 4355 5.
659 4303 691 4354 1η
703 4301 796 4370 quibus
807 4301 932 4352 consistat
943 4318 1032 4372 corpus
1044 4301 1120 4352 artis:
1139 4307 1167 4352 et
1179 4301 1212 4353 de
1224 4301 1379 4375 Topicorum
1390 4307 1512 4360 utilitate.

610 4389 635 4440 6.
655 4390 697 4442 De
708 4386 822 4440 utilitate
835 4393 862 4438 et
872 4387 1039 4457 conceptione
1050 4387 1127 4438 trium
1138 4384 1260 4439 librorum
1271 4389 1299 4440 in
1311 4389 1424 4461 Topicis.

612 4476 633 4530 7.
656 4474 747 4526 Brevis
759 4472 825 4524 ratio
838 4471 921 4539 quarti
935 4476 961 4521 et
973 4470 1065 4538 quinti.
