4242 5767
517 843 558 902 84
590 864 593 869 ·
789 856 925 901 nonnius
940 855 1219 902 sanusnenmnsrs
1336 836 1420 918 [nro.
1436 855 1472 900 11.

522 1005 729 1091 teliigendum
752 1018 784 1069 et
807 1006 1102 1092 docendum,'quod
1123 1006 1380 1092 philosophantis
1401 1028 1474 1092 pro-

522 1106 661 1194 positum
688 1107 822 1192 expetit,
849 1122 880 1173 et
907 1108 1045 1173 officium
1073 1107 1184 1193 exigit.
1229 1109 1336 1185 Quum
1365 1123 1472 1172 autem

522 1208 686 1273 dialectica
714 1209 899 1295 inquisitiva
928 1211 980 1289 sit,
1008 1211 1047 1275 ad
1079 1210 1220 1274 omnium
1250 1209 1473 1274 methodorum

522 1310 678 1396 principia
702 1311 784 1374 viam
812 1313 924 1377 habet:
962 1312 1123 1398 siquidem
1147 1335 1198 1376 ars
1223 1311 1376 1398 quaelibet
1400 1332 1475 1374 suas

524 1412 620 1476 habet
643 1412 819 1493 methodos,
833 1437 914 1500 quas
933 1437 991 1478 nos
1010 1413 1189 1498 figuraliter
1209 1413 1405 1478 adviationes
1424 1411 1475 1474 vel

525 1511 632 1578 aditus
647 1535 816 1600 possumus
831 1514 1045 1601 interpretari,
1060 1526 1093 1578 et
1113 1511 1310 1599 inquisitioni
1333 1511 1475 1576 succedit

524 1615 675 1691 inventio,
691 1639 749 1681 nec
763 1617 975 1704 apprehendit
996 1615 1137 1682 scientia
1151 1615 1306 1692 fructum,
1320 1615 1372 1680 cui
1388 1636 1476 1700 quae-

525 1716 616 1781 rendi
641 1718 786 1805 displicet
810 1718 963 1783 studium.
1010 1717 1073 1782 Sed
1098 1717 1347 1784 demonstrativa
1370 1738 1476 1781 neces·

525 1818 623 1882 sarias
638 1820 803 1884 methodos
818 1822 944 1906 quaerit,
959 1834 991 1885 et
1008 1843 1083 1907 quae
1098 1821 1185 1885 illam
1203 1845 1308 1886 rerum
1324 1821 1477 1885 inhaeren-

519 1919 603 1983 tiam
620 1920 746 1996 docent,
761 1943 858 2005 quam
873 1921 1071 2007 impossibile
1087 1936 1134 1988 eat
1149 1924 1295 1987 dissolvi:
1320 1923 1380 1986 hoc
1395 1921 1477 1986 enim

527 2018 685 2083 duntaxat
698 2023 908 2084 necessarium
924 2036 983 2098 est,
997 2023 1085 2106 quod
1101 2023 1193 2087 aliter
1208 2047 1274 2087 esse
1286 2022 1479 2107 impossibile

528 2131 585 2182 est.
631 2121 792 2184 Caeterum
817 2122 893 2205 quia
917 2123 999 2184 vires
1019 2135 1156 2197 naturec,
1182 2135 1239 2186 aut
1265 2123 1374 2185 nullus
1399 2145 1480 2206 pene

528 2232 702 2296 scrutatur,
719 2234 775 2282 aut
799 2241 900 2297 rarus,
923 2234 954 2283 et
978 2241 1148 2283 numerum
1172 2221 1369 2304 possibilium
1393 2220 1480 2286 solus

528 2322 618 2383 Deus
638 2318 737 2390 novit,
759 2318 799 2382 de
820 2320 1002 2383 necessariis
1023 2321 1212 2408 plerumque
1232 2343 1295 2385 non
1318 2322 1412 2385 modo
1435 2324 1481 2386 in-

528 2434 663 2496 certum,
679 2420 732 2484 sed
750 2432 782 2484 et
799 2421 999 2484 temerarium
1016 2421 1177 2508 judicium
1194 2437 1250 2488 est.
1297 2421 1380 2496 Quis
1394 2426 1477 2487 enim

529 2523 617 2589 novit
639 2524 778 2610 penitus,
802 2523 881 2609 quid
905 2546 971 2586 esse
993 2525 1104 2610 possit,
1127 2539 1182 2591 aut
1206 2550 1268 2590 non
1291 2526 1413 2614 possit?
1446 2527 1478 2591 Si

528 2625 664 2712 peperit,
693 2648 766 2689 cunr
797 2623 906 2710 aliquo
935 2626 1119 2706 concubuit,
1148 2641 1204 2692 aut
1237 2641 1388 2714 corrupta
1418 2645 1478 2703 est,

528 2729 738 2792 necessarium
754 2751 820 2791 esse
832 2727 995 2792 duxerunt
1011 2729 1118 2793 secula
1132 2731 1259 2795 multas
1276 2731 1338 2793 Sed
1350 2730 1477 2794 tandem

527 2827 561 2892 in
576 2829 638 2891 fine
661 2841 839 2914 temporum
856 2851 918 2892 non
941 2831 1151 2894 necessarium
1174 2854 1251 2910 esse,
1266 2830 1374 2893 docuit
1398 2831 1477 2894 inte·

528 2930 674 3016 gerrimae
703 2931 837 3015 virginis
871 2946 993 3017 partus.
1048 2930 1147 3006 Quod
1178 2931 1260 2995 enim
1297 2931 1479 3015 simpliciter

529 3053 654 3096 necesse
665 3045 724 3113 est,
735 3032 824 3097 nullo
836 3034 930 3098 modo
944 3034 1037 3098 aliter
1048 3057 1115 3097 esse
1130 3046 1250 3119 potest:
1275 3032 1391 3097 mutari
1405 3055 1478 3096 vero

529 3147 645 3220 potest,
658 3134 745 3220 quod
758 3157 777 3199 a
792 3135 1054 3200 determinatione
1070 3157 1195 3200 necesse
1209 3149 1267 3200 est.
1298 3134 1480 3199 Victorinus

528 3237 561 3300 in
592 3236 770 3301 Rhetoricis
795 3235 826 3300 in
853 3237 1075 3323 explanatione
1100 3237 1263 3301 necessarii
1287 3238 1346 3301 hoc
1372 3237 1478 3322 ipsum

528 3337 632 3415 docet,
658 3352 689 3403 et
717 3338 804 3423 quod
832 3338 871 3404 ad
899 3352 1026 3422 partum
1058 3338 1232 3424 corruptio,
1259 3361 1320 3402 non
1347 3339 1478 3424 quidem

529 3442 715 3518 necessario,
727 3440 781 3504 sed
797 3438 1014 3524 probabiliter,
1026 3453 1254 3527 consequatur:
1280 3442 1481 3526 Augustinus

529 3565 659 3627 quoque
685 3541 831 3616 rationes,
856 3564 930 3626 quae
956 3544 1138 3605 necessariae
1164 3555 1250 3619 sunt,
1276 3566 1343 3606 esse
1368 3543 1480 3605 asserit

531 3640 750 3728 sempiternas,
765 3653 798 3705 et
818 3642 907 3706 nulio
928 3642 1022 3706 modo
1043 3645 1191 3706 evacuari
1214 3666 1314 3727 posse.
1361 3643 1480 3707 Proba-

530 3741 642 3806 bilium
669 3765 745 3807 vero
775 3745 911 3808 rationes
936 3745 1053 3810 mutari
1081 3768 1172 3829 posse
1201 3743 1393 3830 palamest,
1420 3744 1480 3807 nisi

530 3841 711 3907 necessariae
731 3844 860 3908 fuerint.
907 3845 1003 3909 Unde
1023 3858 1147 3910 constat
1168 3867 1263 3930 quam
1287 3845 1422 3909 arduum
1440 3845 1481 3908 sit

530 3945 791 4009 demonstratoris
810 3947 1022 4032 propositum,
1042 3946 1099 4032 qui
1121 3968 1244 4032 semper
1266 3945 1482 4010 necessitatem

530 4046 686 4132 sequitur,
697 4060 729 4110 et
742 4069 760 4109 a
775 4048 928 4125 veritatis,
941 4071 1035 4134 quam
1052 4047 1233 4134 profitetur,
1245 4047 1410 4134 principiis
1420 4070 1482 4111 non

529 4148 659 4213 recedit.
705 4149 739 4213 Si
763 4148 845 4212 enim
874 4151 1039 4215 veritatem
1063 4149 1309 4235 deprehendere,
1333 4173 1407 4237 quae
1435 4153 1482 4230 (ut

530 4251 621 4315 aiunt
644 4250 822 4315 Academici
845 4251 955 4332 nostri)
981 4264 1132 4336 tanquam
1155 4248 1187 4313 in
1210 4252 1371 4336 profundo
1392 4251 1482 4336 putei

528 4355 617 4429 latet,
634 4376 783 4440 magnum
800 4367 867 4418 est:
892 4367 1023 4439 quantae
1039 4354 1217 4417 vivacitatis
1233 4369 1290 4429 est,
1307 4378 1369 4418 non
1386 4354 1482 4418 modo

529 4458 705 4531 veritatem,
730 4455 784 4520 sed
811 4453 914 4540 ipsius
942 4454 1138 4518 necessitatis
1164 4469 1329 4539 penetrare
1356 4479 1481 4532 arcana,
