4242 5767
1583 887 1712 946 802
1909 959 1913 963 ,
2098 893 2372 942 sozimus
2400 893 2956 942 sinusnsmansm

1586 1050 1861 1134 Surgite,
1894 1060 2078 1130 state,
2106 1070 2357 1135 precor,
2385 1050 2601 1113 animo
2632 1060 2913 1134 pugnate
2945 1046 3148 1110 virili:

1755 1155 2003 1235 Magna
2029 1153 2197 1236 perit
2226 1151 2414 1214 nobis
2444 1151 2711 1235 praemia
2736 1171 2955 1234 pugna
2981 1148 3197 1211 brevis

1582 1257 1916 1320 AEternum
1946 1264 2191 1339 pereat,
2223 1254 2334 1338 qui
2365 1253 2567 1316 ventri
2597 1252 2834 1316 serviat
2862 1252 3066 1327 ultra;

1756 1358 1856 1422 Sit
1883 1358 2105 1441 procul
2135 1377 2178 1420 a
2204 1356 2392 1419 nobis
2421 1355 2532 1440 qui
2563 1375 2682 1419 sua
2713 1375 2907 1436 regna
2933 1353 3112 1416 feret.

1584 1458 1687 1521 Sit
1713 1457 1853 1520 siue
1885 1456 2014 1519 fine
2041 1457 2247 1533 labor,
2278 1455 2361 1519 sit
2389 1453 2786 1536 naufragium
2819 1453 2957 1516 sine
2987 1461 3196 1536 portu,

1758 1559 2119 1622 Continuus
2149 1557 2234 1621 sit
2263 1557 2323 1620 ei
2351 1567 2828 1640 perpetuusque
2855 1555 3093 1618 labor.”

1587 1660 1717 1724 His
1746 1660 1956 1723 socios
1984 1659 2227 1722 animat
2253 1658 2462 1722 verbis
2493 1657 2794 1722 facundia
2823 1657 3081 1738 lingum,

1758 1762 1851 1825 Et
1877 1772 2095 1824 movet
2122 1770 2188 1826 et
2216 1760 2449 1838 munit,
2477 1768 2544 1823 et
2572 1758 2763 1824 docet
2789 1778 2933 1822 esse
2966 1757 3156 1820 viros.

1588 1863 1764 1945 Ergo
1796 1863 1985 1926 simul
2004 1862 2268 1946 junctos
2296 1860 2694 1927 coufoederat
2723 1881 2852 1923 uua
2883 1860 3200 1934 voluntas,

1759 1963 2247 2048 Adstringitque
2276 1964 2420 2044 sibi,
2453 1984 2617 2048 quos
2646 1964 2820 2044 legat
2849 1982 3014 2025 unus
3043 1979 3237 2023 amor.

1590 2065 1897 2130 Iudicunt
1924 2065 2149 2128 Ventri
2177 2067 2440 2144 bellum,
2457 2066 2806 2150 jurantque
2837 2061 3012 2149 quod
3043 2060 3183 2145 ejus

1760 2166 2038 2230 Vincula
2066 2165 2443 2245 dissolvent,
2472 2165 2949 2250 discutientque
2970 2164 3219 2249 jugum.

1589 2267 1700 2331 Sic
1732 2276 2022 2331 statuunt
2045 2276 2113 2330 et
2140 2266 2237 2329 sic
2270 2267 2680 2344 confirmant,
2709 2266 2948 2330 soedere
2979 2267 3150 2331 facto

1763 2370 2066 2431 Ventrem
2097 2366 2477 2447 destituunt,
2503 2387 2626 2432 nec
2656 2368 3040 2432 famulantur
3067 2369 3147 2432 ei.

1584 2471 1735 2534 Jam
1764 2490 1903 2553 pes,
1934 2466 2176 2553 lingua,
2196 2488 2445 2548 manus,
2467 2480 2534 2533 et
2563 2478 2796 2536 caetera
2826 2472 3111 2534 membra
3133 2470 3510 2555 quiescunt,

1762 2572 1889 2636 Pes
1917 2581 2111 2654 negat
2139 2573 2253 2650 ire,
2279 2571 2464 2655 loqui
2491 2571 2736 2654 lingua,
2752 2571 2982 2656 juvare
3011 2591 3258 2635 manus.

1591 2669 1805 2733 Prima
1833 2670 1975 2734 dies
2002 2671 2134 2734 illis
2160 2671 2505 2755 tranquillo
2533 2671 2785 2735 tramite
2812 2672 3028 2752 currit,

1761 2772 1903 2836 Nec
1934 2773 2278 2857 quicquam
2309 2773 2523 2856 poscit
2548 2773 2682 2849 ille,
2713 2793 2832 2838 nec
2865 2774 2976 2837 illa
3004 2774 3240 2838 ferunt.

1586 2872 1806 2936 Altera
1820 2868 1914 2955 jej
1925 2893 2120 2935 unum
2150 2871 2363 2936 nescit
2389 2890 2800 2954 compescere
2832 2885 3134 2952 ventrem,

1760 2974 2258 3057 Latrantemque
2286 2973 2498 3056 gulam
2527 2973 2868 3056 pacificare
2898 2977 3136 3060 nequit.

1587 3073 1812 3136 Tertia
1837 3083 2256 3158 consumptos
2284 3073 2492 3139 macie
2521 3075 2631 3139 vix
2662 3076 2934 3141 sustinet
2963 3087 3156 3158 artus,

1764 3173 2065 3257 Namque
2092 3173 2377 3258 maligna
2404 3173 2597 3238 nimis
2624 3187 2810 3258 urget
2839 3178 3079 3263 ubique
3108 3178 3327 3243 fames.

1592 3273 1719 3338 Pes
1745 3285 1975 3359 torpet,
2007 3295 2235 3340 manus
2266 3286 2553 3360 aegrotat,
2582 3279 2849 3361 languet
2877 3290 3094 3364 caput,
3128 3302 3240 3345 ora

1764 3375 2036 3456 Pallent,
2066 3378 2390 3462 suspirant
2418 3391 2702 3462 pectora,
2731 3379 2955 3462 lingua
2985 3393 3177 3446 tacet.

1590 3474 1831 3542 Omnia
1856 3479 2190 3544 turbantur
2214 3480 2283 3543 in
2313 3499 2600 3566 corpore,
2631 3482 2847 3546 nullus
2875 3483 2942 3547 in
2973 3484 3084 3547 illo

1762 3581 1890 3644 Est
1917 3581 2113 3661 vigor,
2145 3601 2316 3664 aeger
2341 3582 2433 3646 ibi
2461 3582 2692 3662 luctus,
2722 3582 2959 3668 ubique
2990 3584 3190 3649 dolor.

1590 3681 1839 3747 Rursus
1866 3695 2016 3768 post
2042 3685 2272 3766 longos
2302 3685 2576 3768 gemitus
2604 3687 2945 3751 conamine
2975 3690 3196 3763 multo,

1763 3783 1897 3846 Vix
1926 3784 2045 3846 hos
2075 3784 2354 3849 balbutit
2379 3785 2685 3867 languida
2712 3787 2930 3870 lingua
2957 3810 3183 3854 sonos:

1589 3881 1632 3912 “
1652 3877 1828 3952 Quid
1846 3878 2157 3942 facimus?
2200 3881 2311 3943 Nil
2329 3882 2726 3963 proficimus,
2745 3887 2950 3967 magis
2972 3899 3037 3950 et
3057 3889 3261 3969 magis
3283 3910 3517 3956 omues

1767 3979 2152 4054 Deficimus,
2182 3980 2550 4064 premimur,
2581 3985 3090 4070 conficimurque
3120 3989 3308 4051 fame.

1592 4085 1650 4148 A
1682 4081 1919 4147 ventris
1945 4080 2122 4146 rabie
2154 4081 2329 4144 venit
2356 4081 2497 4146 haec
2527 4081 2763 4166 injuria
2790 4085 3003 4160 uobis,

1765 4185 1919 4250 Hoc
1947 4182 2087 4270 ejus
2112 4184 2302 4249 nobis
2330 4183 2593 4268 parturit
2619 4183 2714 4248 ira
2741 4185 3001 4250 malum.

1592 4287 1815 4352 Sentio
1841 4285 2083 4371 grande
2110 4287 2372 4366 malum,
2403 4285 2519 4351 sed
2547 4306 2744 4352 causa
2771 4287 2916 4352 mali
2947 4289 3103 4353 mihi
3134 4290 3386 4358 clausa:

1767 4389 1961 4462 Quod
1988 4401 2204 4467 nocet,
2236 4409 2394 4456 ecce
2423 4399 2642 4474 patet3
2689 4392 3041 4468 cur'nocet,
3073 4412 3231 4457 ansa
3260 4395 3436 4459 latet.

1596 4489 1787 4551 Nunc
1819 4489 2037 4571 igitur,
2068 4492 2341 4568 Fratres,
2368 4492 2555 4557 vobis
2582 4494 3032 4577 praesentibus,
3061 4496 3275 4581 ipsum
