4242 5767
795 889 857 948 180
1057 900 1195 946 suenrus
1212 898 1488 945 sanusnarnnsrs

795 1054 892 1116 Curia
906 1074 1047 1133 nugaces
1063 1054 1150 1116 solos
1165 1063 1259 1131 amat,
1276 1052 1376 1128 audit,
1390 1052 1534 1126 honorat,

881 1158 973 1217 Artes
988 1175 1105 1217 exosas
1120 1153 1243 1216 aulicus
1258 1153 1362 1215 omnis
1378 1151 1485 1228 habet,

795 1257 887 1319 Artes
903 1254 1008 1316 virtuti
1023 1254 1213 1317 famulantes
1228 1253 1352 1316 aulicus
1367 1253 1445 1330 odit,

880 1353 944 1418 Sed
959 1355 1100 1419 famulas
1115 1355 1218 1418 carnis
1233 1354 1356 1418 aulicus
1371 1355 1475 1417 omnis
1490 1366 1585 1418 amat.
1666 1360 1751 1419 1470

792 1460 864 1521 Hos
879 1459 961 1521 aulae
976 1478 1081 1521 mores
1096 1457 1300 1519 funambulus
1315 1456 1425 1519 intulit
1440 1456 1503 1534 ille,

878 1560 954 1635 Qui,
970 1557 1058 1642 quod
1073 1555 1251 1641 praesumit,
1266 1559 1337 1640 lege
1352 1567 1457 1620 tuetur
1472 1559 1533 1621 avi.

791 1660 854 1734 Qui
870 1660 999 1741 sapiunt
1012 1678 1116 1740 nugas
1132 1668 1164 1721 et
1178 1657 1325 1732 crimina,
1338 1658 1410 1737 lege
1426 1669 1590 1734 vocantur,
1614 1727 1617 1733 ,

878 1760 944 1834 Qui
958 1769 1042 1822 recte
1056 1758 1197 1840 sapiunt,
1210 1759 1266 1821 lex
1275 1757 1371 1840 jubet
1384 1758 1429 1820 ire
1444 1758 1537 1820 foras.

833 1862 977 1930 Quodis
993 1858 1243 1922 correctionibus
1256 1860 1479 1922 insinuatione
1493 1861 1661 1922 utendum.

791 1964 880 2044 Ergo
895 1984 977 2046 quos
991 1963 1070 2024 ratio
1086 1961 1207 2026 directa
1222 1961 1332 2044 nequit
1346 1981 1493 2024 revocare
1662 1965 1747 2024 1475

878 2067 905 2126 Α
921 2059 1015 2139 vitiis,
1028 2074 1157 2127 revocat
1170 2062 1361 2126 insinuantis
1375 2083 1466 2143 opus,

792 2167 877 2227 Nam
893 2165 975 2226 sicut
992 2163 1094 2239 verbi,
1109 2164 1156 2225 sic
1173 2162 1347 2224 insinuatio
1362 2163 1435 2224 vitae

876 2264 970 2345 Saepe
985 2262 1178 2325 reluctantes
1192 2260 1234 2322 ad
1249 2280 1307 2321 sua
1321 2272 1395 2322 vota
1408 2262 1513 2324 trahit.

790 2365 912 2428 Fortior
927 2373 976 2425 est
989 2363 1074 2436 vitae,
1089 2382 1186 2444 quam
1200 2361 1243 2425 sit
1257 2361 1420 2442 persuasio
1437 2363 1535 2436 verbi,

875 2465 961 2528 Nam
975 2460 1107 2545 paribus
1121 2461 1236 2524 studiis
1251 2460 1443 2524 conciliatur
1457 2482 1563 2536 amor;
1661 2463 1748 2524 1480

791 2564 991 2628 conciliatus
1005 2583 1095 2627 amor
1109 2562 1232 2627 animos
1248 2561 1339 2641 ligat,
1353 2561 1497 2644 imperat,
1512 2574 1614 2644 urget,

878 2667 925 2730 Ut
938 2665 1003 2727 duo
1017 2684 1084 2727 non
1099 2663 1164 2726 duo
1178 2663 1253 2740 sint,
1268 2683 1349 2745 quos
1363 2662 1438 2746 pius
1453 2665 1524 2727 unit
1537 2684 1634 2728 amor.

791 2765 844 2832 Sic
861 2788 950 2830 amor
965 2765 1006 2828 ad
1022 2767 1143 2849 quaevis
1158 2774 1288 2829 sanctus
1302 2766 1387 2826 bona
1403 2765 1488 2844 cogit
1503 2776 1656 2840 amantes,

875 2870 959 2933 Nam
975 2867 1054 2930 facit
1067 2867 1119 2928 hic
1135 2865 1226 2940 votis,
1242 2862 1328 2947 quod
1341 2863 1421 2926 facit
1433 2866 1487 2927 ille
1503 2886 1608 2928 manu.

788 2968 853 3031 Sed
869 2986 986 3043 vereor,
1001 2965 1101 3028 frusta
1114 2984 1155 3025 ne
1170 2963 1381 3026 cancellarius
1395 2965 1503 3042 instet,
1657 2969 1742 3026 1480

875 3069 922 3132 Ut
935 3076 1035 3128 mutet
1048 3084 1154 3127 mores
1168 3066 1242 3128 aula
1255 3065 1395 3146 superba
1409 3087 1493 3129 suos.

786 3167 931 3232 Mundus
945 3167 1031 3230 enim
1046 3166 1144 3229 lucris
1158 3166 1272 3243 inhiat,
1280 3166 1481 3251 juvenesque
1497 3187 1653 3250 senesque

872 3266 1018 3333 Muneris
1031 3268 1170 3331 incestat
1183 3259 1355 3352 imperiosis
1369 3267 1479 3346 fames,

786 3370 1006 3452 Excaecatque
1023 3368 1116 3443 viros,
1132 3369 1250 3452 quibus
1264 3381 1313 3431 est
1328 3368 1445 3431 collata
1460 3380 1612 3452 potestas,

872 3467 1001 3533 Tendat
1011 3477 1048 3531 ut
1058 3467 1100 3531 ad
1112 3467 1222 3530 sordes
1233 3468 1386 3551 quaslibet
1397 3472 1504 3553 ampla
1514 3468 1637 3533 domus.
1657 3473 1742 3539 1490

785 3576 896 3636 AEstus
911 3570 1051 3635 avaritias
1066 3570 1247 3651 sapientum
1263 3569 1359 3633 corda
1372 3571 1503 3653 perurit,

870 3671 990 3733 Polluit
1005 3670 1170 3747 ecclesias,
1185 3680 1297 3733 sancta
1310 3672 1443 3753 prolana
1456 3671 1542 3736 facit.

783 3771 880 3834 Orbis
895 3779 1052 3831 amatores
1066 3790 1177 3833 omnes
1192 3771 1252 3834 hac
1268 3780 1358 3852 peste
1372 3768 1528 3849 laborant,

869 3868 955 3930 AEris
970 3877 1172 3948 contemptor
1187 3890 1277 3932 rarus
1291 3871 1325 3932 in
1341 3873 1418 3935 orbe
1433 3884 1551 3935 manet

784 3965 1636 4052 Haecubi,quand0,quibusvelqualiterinsinuentur,
1657 3976 1739 4034 1490

870 4071 966 4144 Cura,
981 4087 1022 4131 ne
1037 4087 1150 4150 pereas
1165 4068 1346 4148 garrulitate
1360 4081 1425 4132 tua.

784 4174 847 4236 Est
860 4171 993 4234 indocta
1006 4169 1105 4252 loqui,
1121 4187 1196 4252 quae
1211 4168 1314 4232 nescit
1328 4169 1438 4250 lingua
1452 4181 1569 4246 tacere,

872 4269 1034 4346 Floccida,
1049 4291 1120 4353 quae
1135 4271 1222 4334 verbi
1237 4271 1339 4334 nescit
1353 4270 1471 4334 habere
1486 4271 1628 4335 modum.

786 4374 869 4438 Sunt
882 4386 1055 4453 nugatores
1070 4372 1202 4446 inimici,
1217 4383 1354 4456 suntque
1370 4373 1494 4453 tyranni

872 4474 983 4534 Falsus
998 4472 1223 4554 philosophus,
1239 4494 1353 4554 ganeo,
1369 4494 1475 4536 scurra
1490 4472 1559 4552 tibi,
1655 4478 1739 4536 1500
