<?xml version="1.0" encoding="UTF-8"?>
<!DOCTYPE html PUBLIC "-//W3C//DTD XHTML 1.0 Transitional//EN"
    "http://www.w3.org/TR/xhtml1/DTD/xhtml1-transitional.dtd">
<html xmlns="http://www.w3.org/1999/xhtml" xml:lang="en" lang="en">
 <head>
  <title>
</title>
<meta http-equiv="Content-Type" content="text/html;charset=utf-8" />
  <meta name='ocr-system' content='tesseract 3.04.00' />
  <meta name='ocr-capabilities' content='ocr_page ocr_carea ocr_par ocr_line ocrx_word'/>
</head>
<body>
  <div class='ocr_page' id='page_1' title='image "./joannissaresber10johngoog/joannissaresber10johngoog_0064.png"; bbox 0 0 4242 5767; ppageno 0'>
   <div class='ocr_carea' id='block_1_1' title="bbox 356 400 750 609">
    <p class='ocr_par' dir='ltr' id='par_1_1' title="bbox 356 400 750 609">
     <span class='ocr_line' id='line_1_1' title="bbox 356 400 750 609; baseline 0 -68"><span class='ocrx_word' id='word_1_1' title='bbox 356 434 496 609; x_wconf 56' lang='lat' dir='ltr'>,tw</span> <span class='ocrx_word' id='word_1_2' title='bbox 518 434 548 544; x_wconf 58' lang='grc' dir='ltr'><strong>ς</strong></span> <span class='ocrx_word' id='word_1_3' title='bbox 573 435 670 540; x_wconf 57' lang='lat' dir='ltr'>aa·</span> <span class='ocrx_word' id='word_1_4' title='bbox 703 400 750 531; x_wconf 67' lang='lat' dir='ltr'>t</span> 
     </span>
    </p>
   </div>
   <div class='ocr_carea' id='block_1_2' title="bbox 569 868 1523 942">
    <p class='ocr_par' dir='ltr' id='par_1_2' title="bbox 569 868 1523 942">
     <span class='ocr_line' id='line_1_2' title="bbox 569 868 1523 942; baseline -0.012 -7"><span class='ocrx_word' id='word_1_5' title='bbox 569 877 611 935; x_wconf 75' lang='lat' dir='ltr'>st</span> <span class='ocrx_word' id='word_1_6' title='bbox 829 885 966 930; x_wconf 77' lang='lat' dir='ltr'>ioannis</span> <span class='ocrx_word' id='word_1_7' title='bbox 981 882 1261 929; x_wconf 75' lang='lat' dir='ltr'>sanasssnrarrsrs</span> <span class='ocrx_word' id='word_1_8' title='bbox 1395 868 1480 942; x_wconf 79' lang='lat' dir='ltr'>[rra.</span> <span class='ocrx_word' id='word_1_9' title='bbox 1497 882 1523 925; x_wconf 90' lang='lat'>1.</span> 
     </span>
    </p>
   </div>
   <div class='ocr_carea' id='block_1_3' title="bbox 570 1033 1529 1830">
    <p class='ocr_par' dir='ltr' id='par_1_3' title="bbox 570 1033 1529 1830">
     <span class='ocr_line' id='line_1_3' title="bbox 570 1033 1524 1120; baseline -0.008 -17"><span class='ocrx_word' id='word_1_10' title='bbox 570 1037 725 1103; x_wconf 75' lang='lat' dir='ltr'>similibus</span> <span class='ocrx_word' id='word_1_11' title='bbox 739 1034 802 1100; x_wconf 89' lang='lat' dir='ltr'>mei</span> <span class='ocrx_word' id='word_1_12' title='bbox 818 1034 954 1101; x_wconf 88' lang='lat' dir='ltr'>multum</span> <span class='ocrx_word' id='word_1_13' title='bbox 971 1057 1032 1098; x_wconf 93' lang='lat' dir='ltr'>non</span> <span class='ocrx_word' id='word_1_14' title='bbox 1055 1033 1196 1120; x_wconf 89' lang='lat' dir='ltr'>prodest.</span> <span class='ocrx_word' id='word_1_15' title='bbox 1241 1036 1381 1098; x_wconf 78' lang='lat' dir='ltr'><strong>Exstant</strong></span> <span class='ocrx_word' id='word_1_16' title='bbox 1404 1043 1524 1107; x_wconf 85' lang='lat' dir='ltr'>autem,</span> 
     </span>
     <span class='ocr_line' id='line_1_4' title="bbox 572 1135 1527 1226; baseline -0.009 -20"><span class='ocrx_word' id='word_1_17' title='bbox 572 1163 645 1226; x_wconf 85' lang='lat' dir='ltr'>quae</span> <span class='ocrx_word' id='word_1_18' title='bbox 660 1138 781 1203; x_wconf 84' lang='lat' dir='ltr'>discere</span> <span class='ocrx_word' id='word_1_19' title='bbox 796 1137 849 1201; x_wconf 82' lang='lat' dir='ltr'>vix</span> <span class='ocrx_word' id='word_1_20' title='bbox 867 1137 1050 1213; x_wconf 90' lang='lat' dir='ltr'>sufficimus,</span> <span class='ocrx_word' id='word_1_21' title='bbox 1063 1136 1118 1200; x_wconf 89' lang='lat' dir='ltr'>sed</span> <span class='ocrx_word' id='word_1_22' title='bbox 1134 1135 1238 1200; x_wconf 85' lang='lat' dir='ltr'>minus</span> <span class='ocrx_word' id='word_1_23' title='bbox 1252 1158 1408 1200; x_wconf 80' lang='lat' dir='ltr'><strong>curamus.</strong></span> <span class='ocrx_word' id='word_1_24' title='bbox 1448 1136 1527 1198; x_wconf 89' lang='lat' dir='ltr'>Pro·</span> 
     </span>
     <span class='ocr_line' id='line_1_5' title="bbox 573 1237 1527 1324; baseline -0.007 -19"><span class='ocrx_word' id='word_1_25' title='bbox 573 1243 702 1305; x_wconf 83' lang='lat' dir='ltr'>licerent</span> <span class='ocrx_word' id='word_1_26' title='bbox 728 1253 833 1304; x_wconf 84' lang='lat' dir='ltr'>tamen</span> <span class='ocrx_word' id='word_1_27' title='bbox 859 1237 1032 1324; x_wconf 89' lang='lat' dir='ltr'>plurimum</span> <span class='ocrx_word' id='word_1_28' title='bbox 1060 1237 1178 1320; x_wconf 84' lang='lat' dir='ltr'>regulae</span> <span class='ocrx_word' id='word_1_29' title='bbox 1206 1237 1435 1320; x_wconf 78' lang='lat' dir='ltr'>analogiarum,</span> <span class='ocrx_word' id='word_1_30' title='bbox 1456 1249 1527 1320; x_wconf 88' lang='lat' dir='ltr'>ety-</span> 
     </span>
     <span class='ocr_line' id='line_1_6' title="bbox 575 1339 1526 1427; baseline -0.005 -21"><span class='ocrx_word' id='word_1_31' title='bbox 575 1342 795 1427; x_wconf 82' lang='lat' dir='ltr'>mologiarum,</span> <span class='ocrx_word' id='word_1_32' title='bbox 821 1339 1058 1425; x_wconf 86' lang='lat' dir='ltr'>glossematum,</span> <span class='ocrx_word' id='word_1_33' title='bbox 1086 1339 1356 1413; x_wconf 69' lang='lat' dir='ltr'>differentiarum</span> <span class='ocrx_word' id='word_1_34' title='bbox 1389 1352 1422 1403; x_wconf 93' lang='lat' dir='ltr'>et</span> <span class='ocrx_word' id='word_1_35' title='bbox 1452 1361 1526 1424; x_wconf 82' lang='lat' dir='ltr'>quae</span> 
     </span>
     <span class='ocr_line' id='line_1_7' title="bbox 577 1440 1527 1526; baseline -0.005 -19"><span class='ocrx_word' id='word_1_36' title='bbox 577 1442 783 1521; x_wconf 88' lang='lat' dir='ltr'>Barbarismi‚</span> <span class='ocrx_word' id='word_1_37' title='bbox 800 1442 986 1518; x_wconf 86' lang='lat' dir='ltr'>Soloecismi‚</span> <span class='ocrx_word' id='word_1_38' title='bbox 1001 1440 1201 1526; x_wconf 83' lang='lat' dir='ltr'>aliorumque</span> <span class='ocrx_word' id='word_1_39' title='bbox 1223 1440 1426 1505; x_wconf 82' lang='lat' dir='ltr'>vitandorum</span> <span class='ocrx_word' id='word_1_40' title='bbox 1449 1440 1527 1504; x_wconf 84' lang='lat' dir='ltr'>vitia</span> 
     </span>
     <span class='ocr_line' id='line_1_8' title="bbox 575 1540 1526 1628; baseline -0.003 -21"><span class='ocrx_word' id='word_1_41' title='bbox 575 1556 770 1607; x_wconf 87' lang='lat' dir='ltr'>monstrant:</span> <span class='ocrx_word' id='word_1_42' title='bbox 787 1540 1041 1628; x_wconf 89' lang='lat' dir='ltr'>metaplasmum,</span> <span class='ocrx_word' id='word_1_43' title='bbox 1049 1540 1310 1626; x_wconf 88' lang='lat' dir='ltr'>schematumque</span> <span class='ocrx_word' id='word_1_44' title='bbox 1319 1555 1350 1605; x_wconf 91' lang='lat' dir='ltr'>et</span> <span class='ocrx_word' id='word_1_45' title='bbox 1362 1555 1526 1626; x_wconf 77' lang='lat' dir='ltr'>troporum</span> 
     </span>
     <span class='ocr_line' id='line_1_9' title="bbox 575 1641 1528 1729; baseline -0.002 -20"><span class='ocrx_word' id='word_1_46' title='bbox 575 1644 756 1710; x_wconf 87' lang='lat' dir='ltr'>licentiosas</span> <span class='ocrx_word' id='word_1_47' title='bbox 764 1657 795 1707; x_wconf 90' lang='lat' dir='ltr'>et</span> <span class='ocrx_word' id='word_1_48' title='bbox 808 1656 935 1708; x_wconf 89' lang='lat' dir='ltr'>ornatas</span> <span class='ocrx_word' id='word_1_49' title='bbox 944 1642 1077 1706; x_wconf 81' lang='lat' dir='ltr'>edocent</span> <span class='ocrx_word' id='word_1_50' title='bbox 1090 1641 1237 1721; x_wconf 84' lang='lat' dir='ltr'>rationes,</span> <span class='ocrx_word' id='word_1_51' title='bbox 1248 1664 1358 1728; x_wconf 84' lang='lat' dir='ltr'>prosas</span> <span class='ocrx_word' id='word_1_52' title='bbox 1368 1643 1528 1729; x_wconf 89' lang='lat' dir='ltr'>aperiunt,</span> 
     </span>
     <span class='ocr_line' id='line_1_10' title="bbox 578 1744 1529 1830; baseline -0.003 -20"><span class='ocrx_word' id='word_1_53' title='bbox 578 1758 750 1811; x_wconf 88' lang='lat' dir='ltr'>metrorum</span> <span class='ocrx_word' id='word_1_54' title='bbox 772 1744 858 1830; x_wconf 86' lang='lat' dir='ltr'>leges</span> <span class='ocrx_word' id='word_1_55' title='bbox 877 1744 1029 1819; x_wconf 83' lang='lat' dir='ltr'>educunt,</span> <span class='ocrx_word' id='word_1_56' title='bbox 1044 1755 1077 1806; x_wconf 90' lang='lat' dir='ltr'>et</span> <span class='ocrx_word' id='word_1_57' title='bbox 1097 1755 1262 1828; x_wconf 86' lang='lat' dir='ltr'>exponunt</span> <span class='ocrx_word' id='word_1_58' title='bbox 1275 1766 1397 1821; x_wconf 89' lang='lat' dir='ltr'>causas,</span> <span class='ocrx_word' id='word_1_59' title='bbox 1412 1757 1445 1808; x_wconf 90' lang='lat' dir='ltr'>et</span> <span class='ocrx_word' id='word_1_60' title='bbox 1464 1766 1529 1830; x_wconf 91' lang='lat' dir='ltr'>qua</span> 
     </span>
    </p>
   </div>
   <div class='ocr_carea' id='block_1_4' title="bbox 472 1843 1532 2034">
    <p class='ocr_par' dir='ltr' id='par_1_4' title="bbox 472 1843 1532 2034">
     <span class='ocr_line' id='line_1_11' title="bbox 472 1843 1531 1932; baseline -0.005 -18"><span class='ocrx_word' id='word_1_61' title='bbox 472 1891 475 1914; x_wconf 65' lang='lat' dir='ltr'>r</span> <span class='ocrx_word' id='word_1_62' title='bbox 578 1849 701 1913; x_wconf 91' lang='lat' dir='ltr'>ratione</span> <span class='ocrx_word' id='word_1_63' title='bbox 717 1847 765 1912; x_wconf 92' lang='lat' dir='ltr'>uti</span> <span class='ocrx_word' id='word_1_64' title='bbox 786 1859 931 1932; x_wconf 87' lang='lat' dir='ltr'>oporteat</span> <span class='ocrx_word' id='word_1_65' title='bbox 947 1845 978 1908; x_wconf 91' lang='lat' dir='ltr'>iu</span> <span class='ocrx_word' id='word_1_66' title='bbox 994 1843 1145 1919; x_wconf 88' lang='lat' dir='ltr'>historiis,</span> <span class='ocrx_word' id='word_1_67' title='bbox 1161 1856 1217 1908; x_wconf 81' lang='lat' dir='ltr'>aut</span> <span class='ocrx_word' id='word_1_68' title='bbox 1236 1844 1470 1910; x_wconf 85' lang='lat' dir='ltr'>narrationibus</span> <span class='ocrx_word' id='word_1_69' title='bbox 1484 1845 1531 1909; x_wconf 86' lang='lat' dir='ltr'>fa·</span> 
     </span>
     <span class='ocr_line' id='line_1_12' title="bbox 477 1945 1532 2034; baseline -0.006 -17"><span class='ocrx_word' id='word_1_70' title='bbox 477 1963 479 1984; x_wconf 67' lang='lat'>³</span> <span class='ocrx_word' id='word_1_71' title='bbox 579 1950 711 2015; x_wconf 88' lang='lat' dir='ltr'>bulosis.</span> <span class='ocrx_word' id='word_1_72' title='bbox 757 1952 791 2014; x_wconf 87' lang='lat' dir='ltr'>Si</span> <span class='ocrx_word' id='word_1_73' title='bbox 808 1947 880 2033; x_wconf 89' lang='lat' dir='ltr'>quis</span> <span class='ocrx_word' id='word_1_74' title='bbox 894 1948 1028 2012; x_wconf 90' lang='lat' dir='ltr'>istorum</span> <span class='ocrx_word' id='word_1_75' title='bbox 1053 1945 1264 2023; x_wconf 83' lang='lat' dir='ltr'>definitiones,</span> <span class='ocrx_word' id='word_1_76' title='bbox 1279 1947 1462 2034; x_wconf 84' lang='lat' dir='ltr'>figurasque</span> <span class='ocrx_word' id='word_1_77' title='bbox 1476 1947 1532 2011; x_wconf 90' lang='lat' dir='ltr'>de-</span> 
     </span>
    </p>
   </div>
   <div class='ocr_carea' id='block_1_5' title="bbox 406 3224 547 3524">
    <p class='ocr_par' dir='ltr' id='par_1_5' title="bbox 406 3224 547 3524">
     <span class='ocr_line' id='line_1_13' title="bbox 406 3224 547 3524; baseline -0.007 1"><span class='ocrx_word' id='word_1_78' title='bbox 406 3224 547 3524; x_wconf 75' lang='lat' dir='ltr'>tt</span> 
     </span>
    </p>
   </div>
   <div class='ocr_carea' id='block_1_6' title="bbox 537 3642 1536 3736">
    <p class='ocr_par' dir='ltr' id='par_1_6' title="bbox 537 3642 1536 3736">
     <span class='ocr_line' id='line_1_14' title="bbox 537 3642 1536 3736; baseline 0.007 -30"><span class='ocrx_word' id='word_1_79' title='bbox 537 3678 556 3736; x_wconf 61' lang='lat' dir='ltr'>s</span> <span class='ocrx_word' id='word_1_80' title='bbox 585 3643 712 3708; x_wconf 83' lang='lat' dir='ltr'>sideret.</span> <span class='ocrx_word' id='word_1_81' title='bbox 743 3643 797 3705; x_wconf 90' lang='lat' dir='ltr'>Ad</span> <span class='ocrx_word' id='word_1_82' title='bbox 815 3642 940 3706; x_wconf 87' lang='lat' dir='ltr'>laudem</span> <span class='ocrx_word' id='word_1_83' title='bbox 954 3664 1042 3706; x_wconf 89' lang='lat' dir='ltr'>suam</span> <span class='ocrx_word' id='word_1_84' title='bbox 1059 3643 1260 3708; x_wconf 76' lang='lat' dir='ltr'>referendum</span> <span class='ocrx_word' id='word_1_85' title='bbox 1273 3661 1389 3729; x_wconf 85' lang='lat' dir='ltr'>putant</span> <span class='ocrx_word' id='word_1_86' title='bbox 1404 3649 1536 3733; x_wconf 84' lang='lat' dir='ltr'>quidam</span> 
     </span>
    </p>
   </div>
   <div class='ocr_carea' id='block_1_7' title="bbox 377 3780 545 4064">
    <p class='ocr_par' dir='ltr' id='par_1_7' title="bbox 377 3780 545 4064">
     <span class='ocr_line' id='line_1_15' title="bbox 377 3780 545 3953; baseline -0.006 0"><span class='ocrx_word' id='word_1_87' title='bbox 377 3780 494 3953; x_wconf 63' lang='lat' dir='ltr'>nt</span> <span class='ocrx_word' id='word_1_88' title='bbox 540 3821 545 3863; x_wconf 71' lang='lat'>.</span> 
     </span>
     <span class='ocr_line' id='line_1_16' title="bbox 384 4010 439 4064; baseline 0 0"><span class='ocrx_word' id='word_1_89' title='bbox 384 4036 408 4064; x_wconf 65' lang='grc' dir='ltr'>ιἸ</span> <span class='ocrx_word' id='word_1_90' title='bbox 426 4010 439 4023; x_wconf 42' lang='lat'>⁶,</span> 
     </span>
    </p>
   </div>
   <div class='ocr_carea' id='block_1_8' title="bbox 548 3754 556 3801">
    <p class='ocr_par' dir='ltr' id='par_1_8' title="bbox 548 3754 556 3801">
     <span class='ocr_line' id='line_1_17' title="bbox 548 3754 556 3801; baseline 0 0"><span class='ocrx_word' id='word_1_91' title='bbox 548 3754 556 3801; x_wconf 84' lang='lat' dir='ltr'>l</span> 
     </span>
    </p>
   </div>
   <div class='ocr_carea' id='block_1_9' title="bbox 548 3931 559 3966">
    <p class='ocr_par' dir='ltr' id='par_1_9' title="bbox 548 3931 559 3966">
     <span class='ocr_line' id='line_1_18' title="bbox 548 3931 559 3966; baseline 0 0"><span class='ocrx_word' id='word_1_92' title='bbox 548 3931 559 3966; x_wconf 65' lang='lat' dir='ltr'>i</span> 
     </span>
    </p>
   </div>
   <div class='ocr_carea' id='block_1_10' title="bbox 579 2044 1533 2845">
    <p class='ocr_par' dir='ltr' id='par_1_10' title="bbox 579 2044 1533 2845">
     <span class='ocr_line' id='line_1_19' title="bbox 579 2044 1530 2134; baseline 0.002 -21"><span class='ocrx_word' id='word_1_93' title='bbox 579 2049 709 2124; x_wconf 86' lang='lat' dir='ltr'>siderat‚</span> <span class='ocrx_word' id='word_1_94' title='bbox 733 2047 931 2134; x_wconf 90' lang='lat' dir='ltr'>superiorum</span> <span class='ocrx_word' id='word_1_95' title='bbox 958 2044 1237 2132; x_wconf 80' lang='lat' dir='ltr'>grammaticorum</span> <span class='ocrx_word' id='word_1_96' title='bbox 1261 2046 1359 2112; x_wconf 88' lang='lat' dir='ltr'>libros</span> <span class='ocrx_word' id='word_1_97' title='bbox 1384 2048 1530 2115; x_wconf 84' lang='lat' dir='ltr'>evolvat:</span> 
     </span>
     <span class='ocr_line' id='line_1_20' title="bbox 580 2148 1531 2237; baseline -0.002 -21"><span class='ocrx_word' id='word_1_98' title='bbox 580 2174 660 2237; x_wconf 90' lang='lat' dir='ltr'>quos</span> <span class='ocrx_word' id='word_1_99' title='bbox 681 2149 717 2214; x_wconf 81' lang='lat' dir='ltr'>si&#39;</span> <span class='ocrx_word' id='word_1_100' title='bbox 730 2149 890 2215; x_wconf 88' lang='lat' dir='ltr'>universos</span> <span class='ocrx_word' id='word_1_101' title='bbox 910 2148 951 2213; x_wconf 88' lang='lat' dir='ltr'>ad</span> <span class='ocrx_word' id='word_1_102' title='bbox 974 2170 1102 2213; x_wconf 88' lang='lat' dir='ltr'>manum</span> <span class='ocrx_word' id='word_1_103' title='bbox 1123 2148 1240 2212; x_wconf 90' lang='lat' dir='ltr'>habere</span> <span class='ocrx_word' id='word_1_104' title='bbox 1263 2171 1324 2212; x_wconf 92' lang='lat' dir='ltr'>non</span> <span class='ocrx_word' id='word_1_105' title='bbox 1347 2160 1462 2233; x_wconf 89' lang='lat' dir='ltr'>potest,</span> <span class='ocrx_word' id='word_1_106' title='bbox 1477 2174 1531 2214; x_wconf 87' lang='lat' dir='ltr'>ex-</span> 
     </span>
     <span class='ocr_line' id='line_1_21' title="bbox 579 2250 1531 2340; baseline -0.001 -24"><span class='ocrx_word' id='word_1_107' title='bbox 579 2252 683 2340; x_wconf 88' lang='lat' dir='ltr'>ploret</span> <span class='ocrx_word' id='word_1_108' title='bbox 706 2252 784 2339; x_wconf 92' lang='lat' dir='ltr'>quid</span> <span class='ocrx_word' id='word_1_109' title='bbox 807 2250 888 2315; x_wconf 88' lang='lat' dir='ltr'>scitu</span> <span class='ocrx_word' id='word_1_110' title='bbox 910 2250 1043 2335; x_wconf 78' lang='lat' dir='ltr'>dignum</span> <span class='ocrx_word' id='word_1_111' title='bbox 1070 2262 1181 2336; x_wconf 88' lang='lat' dir='ltr'>carpat</span> <span class='ocrx_word' id='word_1_112' title='bbox 1206 2273 1225 2314; x_wconf 89' lang='lat' dir='ltr'>a</span> <span class='ocrx_word' id='word_1_113' title='bbox 1250 2251 1392 2333; x_wconf 84' lang='lat' dir='ltr'>singulis.</span> <span class='ocrx_word' id='word_1_114' title='bbox 1439 2252 1531 2333; x_wconf 79' lang='lat' dir='ltr'>Quia,</span> 
     </span>
     <span class='ocr_line' id='line_1_22' title="bbox 580 2354 1531 2436; baseline 0 -18"><span class='ocrx_word' id='word_1_115' title='bbox 580 2354 640 2419; x_wconf 88' lang='lat' dir='ltr'>etsi</span> <span class='ocrx_word' id='word_1_116' title='bbox 655 2376 721 2418; x_wconf 80' lang='lat' dir='ltr'>non</span> <span class='ocrx_word' id='word_1_117' title='bbox 735 2356 838 2418; x_wconf 77' lang='lat' dir='ltr'>omnir</span> <span class='ocrx_word' id='word_1_118' title='bbox 852 2355 1016 2417; x_wconf 79' lang='lat' dir='ltr'>adomnia</span> <span class='ocrx_word' id='word_1_119' title='bbox 1031 2373 1167 2436; x_wconf 81' lang='lat' dir='ltr'>quaeque</span> <span class='ocrx_word' id='word_1_120' title='bbox 1187 2356 1283 2418; x_wconf 80' lang='lat' dir='ltr'>utitis</span> <span class='ocrx_word' id='word_1_121' title='bbox 1296 2356 1473 2429; x_wconf 80' lang='lat' dir='ltr'>invenitur,</span> <span class='ocrx_word' id='word_1_122' title='bbox 1489 2355 1531 2418; x_wconf 84' lang='lat' dir='ltr'>sd</span> 
     </span>
     <span class='ocr_line' id='line_1_23' title="bbox 581 2455 1532 2532; baseline -0.002 -11"><span class='ocrx_word' id='word_1_123' title='bbox 581 2456 684 2521; x_wconf 90' lang='lat' dir='ltr'>multa</span> <span class='ocrx_word' id='word_1_124' title='bbox 701 2455 843 2520; x_wconf 86' lang='lat' dir='ltr'>Isidorus</span> <span class='ocrx_word' id='word_1_125' title='bbox 858 2468 975 2532; x_wconf 90' lang='lat' dir='ltr'>tamen,</span> <span class='ocrx_word' id='word_1_126' title='bbox 990 2468 1022 2520; x_wconf 85' lang='lat' dir='ltr'>et</span> <span class='ocrx_word' id='word_1_127' title='bbox 1043 2456 1120 2520; x_wconf 86' lang='lat' dir='ltr'>satis</span> <span class='ocrx_word' id='word_1_128' title='bbox 1142 2455 1318 2519; x_wconf 86' lang='lat' dir='ltr'>communia</span> <span class='ocrx_word' id='word_1_129' title='bbox 1332 2469 1392 2532; x_wconf 85' lang='lat' dir='ltr'>est,</span> <span class='ocrx_word' id='word_1_130' title='bbox 1406 2469 1439 2521; x_wconf 90' lang='lat' dir='ltr'>et</span> <span class='ocrx_word' id='word_1_131' title='bbox 1460 2455 1532 2520; x_wconf 90' lang='lat' dir='ltr'>dili-</span> 
     </span>
     <span class='ocr_line' id='line_1_24' title="bbox 580 2524 1533 2645; baseline 0.002 -24"><span class='ocrx_word' id='word_1_132' title='bbox 580 2562 670 2643; x_wconf 83' lang='lat' dir='ltr'>genti</span> <span class='ocrx_word' id='word_1_133' title='bbox 682 2524 1031 2637; x_wconf 59' lang='lat' dir='ltr'>ti‘f&#39;evi&#39;taielaudabilis,</span> <span class='ocrx_word' id='word_1_134' title='bbox 1041 2570 1073 2622; x_wconf 90' lang='lat' dir='ltr'>et</span> <span class='ocrx_word' id='word_1_135' title='bbox 1086 2556 1111 2621; x_wconf 89' lang='lat' dir='ltr'>si</span> <span class='ocrx_word' id='word_1_136' title='bbox 1125 2570 1211 2623; x_wconf 88' lang='lat' dir='ltr'>totus</span> <span class='ocrx_word' id='word_1_137' title='bbox 1222 2556 1329 2622; x_wconf 90' lang='lat' dir='ltr'>baberi</span> <span class='ocrx_word' id='word_1_138' title='bbox 1343 2581 1404 2622; x_wconf 91' lang='lat' dir='ltr'>non</span> <span class='ocrx_word' id='word_1_139' title='bbox 1417 2572 1533 2645; x_wconf 89' lang='lat' dir='ltr'>potest,</span> 
     </span>
     <span class='ocr_line' id='line_1_25' title="bbox 581 2656 1533 2745; baseline 0 -23"><span class='ocrx_word' id='word_1_140' title='bbox 581 2658 622 2722; x_wconf 91' lang='lat' dir='ltr'>ad</span> <span class='ocrx_word' id='word_1_141' title='bbox 634 2657 873 2723; x_wconf 85' lang='lat' dir='ltr'>instructionem</span> <span class='ocrx_word' id='word_1_142' title='bbox 886 2656 1104 2741; x_wconf 87' lang='lat' dir='ltr'>legendorum,</span> <span class='ocrx_word' id='word_1_143' title='bbox 1117 2657 1288 2743; x_wconf 89' lang='lat' dir='ltr'>plurimum</span> <span class='ocrx_word' id='word_1_144' title='bbox 1301 2658 1423 2723; x_wconf 86' lang='lat' dir='ltr'>confert</span> <span class='ocrx_word' id='word_1_145' title='bbox 1435 2658 1533 2745; x_wconf 90' lang='lat' dir='ltr'>ipsius</span> 
     </span>
     <span class='ocr_line' id='line_1_26' title="bbox 582 2756 1298 2845; baseline 0 -21"><span class='ocrx_word' id='word_1_146' title='bbox 582 2761 765 2825; x_wconf 89' lang='lat' dir='ltr'>memoriter</span> <span class='ocrx_word' id='word_1_147' title='bbox 781 2759 829 2823; x_wconf 86' lang='lat' dir='ltr'>rel</span> <span class='ocrx_word' id='word_1_148' title='bbox 847 2759 928 2823; x_wconf 82' lang='lat' dir='ltr'>lianc</span> <span class='ocrx_word' id='word_1_149' title='bbox 944 2759 1081 2824; x_wconf 84' lang='lat' dir='ltr'>tenuisse</span> <span class='ocrx_word' id='word_1_150' title='bbox 1098 2756 1298 2845; x_wconf 89' lang='lat' dir='ltr'>particulam.</span> 
     </span>
    </p>
   </div>
   <div class='ocr_carea' id='block_1_11' title="bbox 583 2921 1535 3443">
    <p class='ocr_par' dir='ltr' id='par_1_11' title="bbox 583 2921 1533 3190">
     <span class='ocr_line' id='line_1_27' title="bbox 583 2921 1533 3008; baseline -0.002 -22"><span class='ocrx_word' id='word_1_151' title='bbox 583 2922 663 3008; x_wconf 87' lang='lat' dir='ltr'>Cap.</span> <span class='ocrx_word' id='word_1_152' title='bbox 675 2928 728 2986; x_wconf 77' lang='lat'>21.</span> <span class='ocrx_word' id='word_1_153' title='bbox 752 2924 893 2997; x_wconf 81' lang='lat' dir='ltr'>Quantis</span> <span class='ocrx_word' id='word_1_154' title='bbox 906 2924 986 2986; x_wconf 68' lang='lat' dir='ltr'>cirta</span> <span class='ocrx_word' id='word_1_155' title='bbox 996 2923 1170 3005; x_wconf 73' lang='lat' dir='ltr'>placuerit,</span> <span class='ocrx_word' id='word_1_156' title='bbox 1186 2928 1217 2985; x_wconf 90' lang='lat' dir='ltr'>et</span> <span class='ocrx_word' id='word_1_157' title='bbox 1230 2921 1400 3004; x_wconf 75' lang='lat' dir='ltr'>quadrina</span> <span class='ocrx_word' id='word_1_158' title='bbox 1413 2942 1452 2985; x_wconf 83' lang='lat' dir='ltr'>ea</span> <span class='ocrx_word' id='word_1_159' title='bbox 1466 2941 1533 2984; x_wconf 81' lang='lat' dir='ltr'>nott</span> 
     </span>
     <span class='ocr_line' id='line_1_28' title="bbox 625 3025 1533 3108; baseline 0 -20"><span class='ocrx_word' id='word_1_160' title='bbox 625 3026 731 3106; x_wconf 78' lang='lat' dir='ltr'>magis</span> <span class='ocrx_word' id='word_1_161' title='bbox 746 3027 818 3106; x_wconf 70' lang='lat' dir='ltr'>quis</span> <span class='ocrx_word' id='word_1_162' title='bbox 828 3026 1050 3108; x_wconf 76' lang='lat' dir='ltr'>ptttosoptari</span> <span class='ocrx_word' id='word_1_163' title='bbox 1061 3030 1176 3108; x_wconf 83' lang='lat' dir='ltr'>potest,</span> <span class='ocrx_word' id='word_1_164' title='bbox 1191 3044 1289 3107; x_wconf 77' lang='lat' dir='ltr'>quam</span> <span class='ocrx_word' id='word_1_165' title='bbox 1304 3025 1334 3086; x_wconf 79' lang='lat' dir='ltr'>ai</span> <span class='ocrx_word' id='word_1_166' title='bbox 1346 3027 1390 3088; x_wconf 84' lang='lat' dir='ltr'>ar&#39;t</span> <span class='ocrx_word' id='word_1_167' title='bbox 1402 3025 1533 3100; x_wconf 81' lang='lat' dir='ltr'>sardus,</span> 
     </span>
     <span class='ocr_line' id='line_1_29' title="bbox 625 3133 822 3190; baseline -0.01 0"><span class='ocrx_word' id='word_1_168' title='bbox 625 3134 687 3190; x_wconf 82' lang='lat' dir='ltr'>aut</span> <span class='ocrx_word' id='word_1_169' title='bbox 702 3133 822 3189; x_wconf 81' lang='lat' dir='ltr'>mutas.</span> 
     </span>
    </p>

    <p class='ocr_par' dir='ltr' id='par_1_12' title="bbox 584 3242 1535 3443">
     <span class='ocr_line' id='line_1_30' title="bbox 630 3242 1535 3329; baseline 0.002 -21"><span class='ocrx_word' id='word_1_170' title='bbox 630 3242 798 3309; x_wconf 75' lang='lat' dir='ltr'>Patarea</span> <span class='ocrx_word' id='word_1_171' title='bbox 814 3243 875 3319; x_wconf 91' lang='lat' dir='ltr'>his,</span> <span class='ocrx_word' id='word_1_172' title='bbox 892 3266 953 3308; x_wconf 92' lang='lat' dir='ltr'>non</span> <span class='ocrx_word' id='word_1_173' title='bbox 969 3244 1052 3307; x_wconf 87' lang='lat' dir='ltr'>circa</span> <span class='ocrx_word' id='word_1_174' title='bbox 1070 3265 1166 3309; x_wconf 90' lang='lat' dir='ltr'>unum</span> <span class='ocrx_word' id='word_1_175' title='bbox 1188 3247 1426 3329; x_wconf 83' lang='lat' dir='ltr'>grammaticam</span> <span class='ocrx_word' id='word_1_176' title='bbox 1442 3268 1535 3310; x_wconf 89' lang='lat' dir='ltr'>occu-</span> 
     </span>
     <span class='ocr_line' id='line_1_31' title="bbox 584 3345 1535 3443; baseline 0.002 -33"><span class='ocrx_word' id='word_1_177' title='bbox 584 3346 674 3432; x_wconf 85' lang='lat' dir='ltr'>pari;</span> <span class='ocrx_word' id='word_1_178' title='bbox 707 3347 760 3410; x_wconf 89' lang='lat' dir='ltr'>sed</span> <span class='ocrx_word' id='word_1_179' title='bbox 785 3345 973 3438; x_wconf 71' lang='lat' dir='ltr'>adomnia,</span> <span class='ocrx_word' id='word_1_180' title='bbox 990 3345 1310 3443; x_wconf 55' lang='lat' dir='ltr'>q⁰oe‚.l⁹¹b⁰.,d9.⁰⁰¹l</span> <span class='ocrx_word' id='word_1_181' title='bbox 1333 3360 1476 3440; x_wconf 67' lang='lat' dir='ltr'>possunt,</span> <span class='ocrx_word' id='word_1_182' title='bbox 1499 3361 1535 3412; x_wconf 93' lang='lat' dir='ltr'>ut</span> 
     </span>
    </p>
   </div>
   <div class='ocr_carea' id='block_1_12' title="bbox 713 3418 825 3445">
    <p class='ocr_par' dir='ltr' id='par_1_13' title="bbox 713 3418 825 3445">
     <span class='ocr_line' id='line_1_32' title="bbox 713 3418 825 3445; baseline 0 -12"><span class='ocrx_word' id='word_1_183' title='bbox 713 3418 825 3445; x_wconf 51' lang='lat' dir='ltr'>“a-</span> 
     </span>
    </p>
   </div>
   <div class='ocr_carea' id='block_1_13' title="bbox 584 3436 1537 3635">
    <p class='ocr_par' dir='ltr' id='par_1_14' title="bbox 584 3436 1537 3635">
     <span class='ocr_line' id='line_1_33' title="bbox 584 3436 1536 3536; baseline 0.002 -24"><span class='ocrx_word' id='word_1_184' title='bbox 584 3469 695 3512; x_wconf 88' lang='lat' dir='ltr'>eorum</span> <span class='ocrx_word' id='word_1_185' title='bbox 708 3471 806 3534; x_wconf 84' lang='lat' dir='ltr'>capax</span> <span class='ocrx_word' id='word_1_186' title='bbox 821 3447 872 3522; x_wconf 90' lang='lat' dir='ltr'>sit,</span> <span class='ocrx_word' id='word_1_187' title='bbox 884 3439 1024 3513; x_wconf 88' lang='lat' dir='ltr'>animum</span> <span class='ocrx_word' id='word_1_188' title='bbox 1039 3436 1257 3534; x_wconf 52' lang='lat' dir='ltr'>pralormare:</span> <span class='ocrx_word' id='word_1_189' title='bbox 1283 3449 1367 3513; x_wconf 90' lang='lat' dir='ltr'>unde</span> <span class='ocrx_word' id='word_1_190' title='bbox 1378 3463 1536 3536; x_wconf 89' lang='lat' dir='ltr'>quantum</span> 
     </span>
     <span class='ocr_line' id='line_1_34' title="bbox 585 3544 1537 3635; baseline 0.005 -27"><span class='ocrx_word' id='word_1_191' title='bbox 585 3547 615 3609; x_wconf 91' lang='lat' dir='ltr'>ei</span> <span class='ocrx_word' id='word_1_192' title='bbox 630 3568 738 3609; x_wconf 86' lang='lat' dir='ltr'>omnes</span> <span class='ocrx_word' id='word_1_193' title='bbox 760 3545 831 3609; x_wconf 83' lang='lat' dir='ltr'>aliae</span> <span class='ocrx_word' id='word_1_194' title='bbox 851 3544 1027 3629; x_wconf 72' lang='lat' dir='ltr'>disciplinae</span> <span class='ocrx_word' id='word_1_195' title='bbox 1048 3545 1198 3609; x_wconf 85' lang='lat' dir='ltr'>obnoxiae</span> <span class='ocrx_word' id='word_1_196' title='bbox 1218 3547 1293 3622; x_wconf 89' lang='lat' dir='ltr'>sint,</span> <span class='ocrx_word' id='word_1_197' title='bbox 1309 3552 1447 3635; x_wconf 84' lang='lat' dir='ltr'>quisque</span> <span class='ocrx_word' id='word_1_198' title='bbox 1464 3573 1537 3614; x_wconf 91' lang='lat' dir='ltr'>con·</span> 
     </span>
    </p>
   </div>
   <div class='ocr_carea' id='block_1_14' title="bbox 586 3742 1541 4541">
    <p class='ocr_par' dir='ltr' id='par_1_15' title="bbox 586 3742 1541 4541">
     <span class='ocr_line' id='line_1_35' title="bbox 587 3742 1537 3834; baseline 0.006 -27"><span class='ocrx_word' id='word_1_199' title='bbox 587 3756 779 3821; x_wconf 90' lang='lat' dir='ltr'>nostrorum,</span> <span class='ocrx_word' id='word_1_200' title='bbox 799 3742 887 3827; x_wconf 92' lang='lat' dir='ltr'>quod</span> <span class='ocrx_word' id='word_1_201' title='bbox 910 3742 977 3806; x_wconf 86' lang='lat' dir='ltr'>sine</span> <span class='ocrx_word' id='word_1_202' title='bbox 998 3742 1205 3827; x_wconf 82' lang='lat' dir='ltr'>grammatica</span> <span class='ocrx_word' id='word_1_203' title='bbox 1225 3746 1383 3829; x_wconf 83' lang='lat' dir='ltr'>garriunt,</span> <span class='ocrx_word' id='word_1_204' title='bbox 1403 3770 1537 3834; x_wconf 79' lang='lat' dir='ltr'>eamque</span> 
     </span>
     <span class='ocr_line' id='line_1_36' title="bbox 586 3842 1538 3932; baseline 0.008 -24"><span class='ocrx_word' id='word_1_205' title='bbox 586 3843 722 3909; x_wconf 90' lang='lat' dir='ltr'>credunt</span> <span class='ocrx_word' id='word_1_206' title='bbox 741 3842 897 3921; x_wconf 88' lang='lat' dir='ltr'>inutilem,</span> <span class='ocrx_word' id='word_1_207' title='bbox 917 3857 948 3907; x_wconf 88' lang='lat' dir='ltr'>et</span> <span class='ocrx_word' id='word_1_208' title='bbox 971 3843 1076 3928; x_wconf 90' lang='lat' dir='ltr'>palam</span> <span class='ocrx_word' id='word_1_209' title='bbox 1099 3844 1241 3930; x_wconf 88' lang='lat' dir='ltr'>culpant,</span> <span class='ocrx_word' id='word_1_210' title='bbox 1263 3847 1437 3932; x_wconf 81' lang='lat' dir='ltr'>gloriantes</span> <span class='ocrx_word' id='word_1_211' title='bbox 1456 3874 1489 3915; x_wconf 88' lang='lat' dir='ltr'>se</span> <span class='ocrx_word' id='word_1_212' title='bbox 1508 3853 1538 3916; x_wconf 86' lang='lat' dir='ltr'>ei</span> 
     </span>
     <span class='ocr_line' id='line_1_37' title="bbox 586 3943 1539 4030; baseline 0.009 -21"><span class='ocrx_word' id='word_1_213' title='bbox 586 3965 714 4030; x_wconf 88' lang='lat' dir='ltr'>operam</span> <span class='ocrx_word' id='word_1_214' title='bbox 732 3966 795 4007; x_wconf 90' lang='lat' dir='ltr'>non</span> <span class='ocrx_word' id='word_1_215' title='bbox 810 3943 943 4009; x_wconf 88' lang='lat' dir='ltr'>dedisse.</span> <span class='ocrx_word' id='word_1_216' title='bbox 988 3945 1035 4006; x_wconf 88' lang='lat' dir='ltr'>At</span> <span class='ocrx_word' id='word_1_217' title='bbox 1056 3948 1190 4010; x_wconf 89' lang='lat' dir='ltr'>Marcus</span> <span class='ocrx_word' id='word_1_218' title='bbox 1204 3947 1331 4012; x_wconf 87' lang='lat' dir='ltr'>Tullius</span> <span class='ocrx_word' id='word_1_219' title='bbox 1350 3972 1412 4013; x_wconf 93' lang='lat' dir='ltr'>non</span> <span class='ocrx_word' id='word_1_220' title='bbox 1427 3950 1539 4019; x_wconf 91' lang='lat' dir='ltr'>oderat</span> 
     </span>
     <span class='ocr_line' id='line_1_38' title="bbox 587 4044 1538 4134; baseline 0.009 -25"><span class='ocrx_word' id='word_1_221' title='bbox 587 4045 701 4125; x_wconf 88' lang='lat' dir='ltr'>filium,</span> <span class='ocrx_word' id='word_1_222' title='bbox 716 4068 735 4108; x_wconf 93' lang='lat' dir='ltr'>a</span> <span class='ocrx_word' id='word_1_223' title='bbox 751 4066 816 4133; x_wconf 94' lang='lat' dir='ltr'>quo</span> <span class='ocrx_word' id='word_1_224' title='bbox 830 4044 862 4108; x_wconf 93' lang='lat' dir='ltr'>in</span> <span class='ocrx_word' id='word_1_225' title='bbox 879 4044 1031 4131; x_wconf 86' lang='lat' dir='ltr'>epistolis,</span> <span class='ocrx_word' id='word_1_226' title='bbox 1044 4044 1127 4110; x_wconf 90' lang='lat' dir='ltr'>sicut</span> <span class='ocrx_word' id='word_1_227' title='bbox 1143 4061 1287 4133; x_wconf 87' lang='lat' dir='ltr'>apparet,</span> <span class='ocrx_word' id='word_1_228' title='bbox 1299 4053 1538 4134; x_wconf 84' lang='lat' dir='ltr'>grammaticam</span> 
     </span>
     <span class='ocr_line' id='line_1_39' title="bbox 586 4144 1540 4239; baseline 0.01 -30"><span class='ocrx_word' id='word_1_229' title='bbox 586 4144 811 4211; x_wconf 87' lang='lat' dir='ltr'>instantissime</span> <span class='ocrx_word' id='word_1_230' title='bbox 841 4145 1000 4229; x_wconf 80' lang='lat' dir='ltr'>exigebat.</span> <span class='ocrx_word' id='word_1_231' title='bbox 1054 4146 1154 4212; x_wconf 86' lang='lat' dir='ltr'>Caius</span> <span class='ocrx_word' id='word_1_232' title='bbox 1184 4150 1292 4212; x_wconf 87' lang='lat' dir='ltr'>Caesar</span> <span class='ocrx_word' id='word_1_233' title='bbox 1325 4150 1365 4214; x_wconf 90' lang='lat' dir='ltr'>de</span> <span class='ocrx_word' id='word_1_234' title='bbox 1394 4151 1540 4239; x_wconf 84' lang='lat' dir='ltr'>analogia</span> 
     </span>
     <span class='ocr_line' id='line_1_40' title="bbox 586 4245 1537 4340; baseline 0.007 -28"><span class='ocrx_word' id='word_1_235' title='bbox 586 4245 683 4313; x_wconf 86' lang='lat' dir='ltr'>libros</span> <span class='ocrx_word' id='word_1_236' title='bbox 697 4245 817 4312; x_wconf 89' lang='lat' dir='ltr'>edidit:</span> <span class='ocrx_word' id='word_1_237' title='bbox 845 4247 947 4311; x_wconf 88' lang='lat' dir='ltr'>sciens</span> <span class='ocrx_word' id='word_1_238' title='bbox 967 4250 1032 4312; x_wconf 89' lang='lat' dir='ltr'>sine</span> <span class='ocrx_word' id='word_1_239' title='bbox 1052 4268 1102 4324; x_wconf 87' lang='lat' dir='ltr'>ca,</span> <span class='ocrx_word' id='word_1_240' title='bbox 1119 4272 1223 4336; x_wconf 89' lang='lat' dir='ltr'>neque</span> <span class='ocrx_word' id='word_1_241' title='bbox 1246 4249 1285 4314; x_wconf 87' lang='lat' dir='ltr'>ad</span> <span class='ocrx_word' id='word_1_242' title='bbox 1304 4252 1537 4340; x_wconf 88' lang='lat' dir='ltr'>philosophiam</span> 
     </span>
     <span class='ocr_line' id='line_1_41' title="bbox 589 4347 1540 4442; baseline 0.011 -31"><span class='ocrx_word' id='word_1_243' title='bbox 589 4347 636 4427; x_wconf 91' lang='lat' dir='ltr'>(in</span> <span class='ocrx_word' id='word_1_244' title='bbox 653 4368 718 4434; x_wconf 87' lang='lat' dir='ltr'>qua</span> <span class='ocrx_word' id='word_1_245' title='bbox 732 4347 941 4434; x_wconf 85' lang='lat' dir='ltr'>peritissimus</span> <span class='ocrx_word' id='word_1_246' title='bbox 956 4354 1035 4431; x_wconf 90' lang='lat' dir='ltr'>erat)</span> <span class='ocrx_word' id='word_1_247' title='bbox 1053 4372 1110 4414; x_wconf 89' lang='lat' dir='ltr'>nec</span> <span class='ocrx_word' id='word_1_248' title='bbox 1124 4350 1164 4413; x_wconf 93' lang='lat' dir='ltr'>ad</span> <span class='ocrx_word' id='word_1_249' title='bbox 1181 4350 1393 4437; x_wconf 90' lang='lat' dir='ltr'>eloquentiam</span> <span class='ocrx_word' id='word_1_250' title='bbox 1413 4355 1457 4436; x_wconf 90' lang='lat' dir='ltr'>(in</span> <span class='ocrx_word' id='word_1_251' title='bbox 1474 4379 1540 4442; x_wconf 92' lang='lat' dir='ltr'>qua</span> 
     </span>
     <span class='ocr_line' id='line_1_42' title="bbox 588 4449 1541 4541; baseline 0.01 -28"><span class='ocrx_word' id='word_1_252' title='bbox 588 4449 850 4536; x_wconf 63' lang='lat' dir='ltr'>potentissima)</span> <span class='ocrx_word' id='word_1_253' title='bbox 876 4473 967 4538; x_wconf 85' lang='lat' dir='ltr'>posse</span> <span class='ocrx_word' id='word_1_254' title='bbox 988 4451 1171 4539; x_wconf 90' lang='lat' dir='ltr'>quempiam</span> <span class='ocrx_word' id='word_1_255' title='bbox 1195 4455 1367 4541; x_wconf 82' lang='lat' dir='ltr'>pervenire.</span> <span class='ocrx_word' id='word_1_256' title='bbox 1413 4459 1541 4536; x_wconf 86' lang='lat' dir='ltr'>Quinti-</span> 
     </span>
    </p>
   </div>
   <div class='ocr_carea' id='block_1_15' title="bbox 0 0 2154 5767">
    <p class='ocr_par' dir='ltr' id='par_1_16' title="bbox 0 0 2154 5767">
     <span class='ocr_line' id='line_1_43' title="bbox 0 0 2154 5767; baseline 0 0"><span class='ocrx_word' id='word_1_257' title='bbox 0 0 2154 5767; x_wconf 95' lang='lat' dir='ltr'> </span> 
     </span>
    </p>
   </div>
  </div>
 </body>
</html>
