4242 5767
466 828 508 886 90
730 839 867 888 noturus
882 840 1160 889 saansaamnusm
1281 829 1365 907 [ms.
1384 847 1422 896 11.

465 989 611 1076 srmplex‚
626 1012 676 1054 res
689 990 806 1068 brevis,
821 991 969 1057 etfacilis
991 1010 1149 1079 quantum
1171 1007 1289 1080 potest,
1309 997 1423 1063 debea-

464 1107 519 1155 tur
532 1089 780 1156 introducendis.
826 1090 915 1159 Adeo
929 1093 1074 1179 quidem,
1091 1108 1174 1160 utet
1190 1095 1293 1160 multa
1314 1097 1346 1160 in
1367 1121 1418 1163 re·

464 1193 526 1257 bus
548 1192 740 1271 difficilibus,
760 1194 885 1259 facilius
904 1216 1002 1282 quam
1024 1219 1134 1261 earum
1158 1211 1273 1263 natura
1296 1200 1417 1286 exigat,

464 1293 611 1359 licentius
636 1310 871 1382 proponantur:
895 1320 933 1362 eo
959 1297 1046 1383 quod
1076 1298 1108 1362 in
1131 1299 1311 1385 puerilibus
1331 1302 1422 1366 annis

463 1396 675 1462 addiscuntur
689 1397 802 1477 multa,
816 1421 892 1484 quoe
912 1400 1009 1464 serior
1031 1399 1243 1488 philosophiae
1265 1415 1421 1468 tractatus

462 1499 615 1565 eliminat.
662 1501 818 1565 Naturam
844 1513 948 1564 tamen
977 1501 1202 1567 universalium
1230 1503 1280 1567 hic
1306 1527 1417 1568 omues

463 1603 650 1689 expediunt,
666 1615 698 1666 et
713 1603 901 1669 altissimum
923 1604 1099 1690 negotium,
1119 1620 1151 1670 et
1171 1605 1300 1692 majoris
1315 1607 1420 1692 inqui-

462 1704 595 1783 sitionis,
618 1719 728 1771 contra
748 1719 886 1770 mentem
911 1707 1051 1771 auctoris
1076 1707 1235 1794 explicare
1259 1709 1418 1773 nituntur.

461 1807 553 1872 Alius
567 1830 643 1891 ergo
657 1809 801 1872 consistit
815 1808 847 1870 in
863 1809 995 1874 vocibus
1012 1808 1103 1892 (licet
1124 1809 1192 1874 baec
1212 1810 1320 1895 opinio
1341 1832 1415 1874 cum

462 1908 617 1971 Roceliuo
637 1930 695 1971 suo
719 1908 783 1971 lere
800 1909 928 1972 omnino
943 1912 1010 1995 jam
1030 1911 1229 1992 evanueritt)
1253 1911 1336 1975 alius
1351 1934 1416 1975 ser·

462 2029 571 2071 mones
584 2008 739 2080 intuetur,
752 2021 784 2071 et
799 2009 839 2071 ad
852 2008 923 2072 illos
937 2008 1120 2096 detorquet,
1133 2011 1289 2096 quicquid
1300 2013 1418 2075 alicubi

461 2109 503 2173 de
526 2108 757 2172 universalibus
776 2108 919 2173 meminit
946 2110 1111 2195 scriptum.
1160 2113 1198 2174 In
1224 2111 1283 2174 bac
1309 2124 1416 2175 autem

459 2210 608 2297 opinione
639 2208 856 2295 deprehensus
889 2221 937 2272 cst
974 2209 1207 2296 Peripateticus
1246 2211 1410 2276 Palatinus

462 2309 657 2376 Abaelardus
672 2324 788 2387 noster,
804 2307 860 2397 qui
876 2309 997 2376 multos
1015 2309 1156 2398 reliquit,
1173 2325 1205 2378 et
1220 2311 1326 2376 adbuc
1341 2313 1413 2398 qui·

461 2412 533 2477 dem
559 2413 685 2501 aliquos
710 2413 806 2480 babet
832 2413 1037 2501 professionis
1065 2414 1163 2501 hujus
1189 2428 1359 2480 sectatores
1385 2425 1416 2481 et

460 2525 562 2582 testes.
607 2517 710 2583 Amici
726 2521 787 2584 mei
804 2530 892 2583 sunt:
916 2517 988 2583 licet
1004 2518 1049 2584 ita
1064 2518 1254 2605 plerumque
1274 2518 1415 2605 captiva·

461 2632 525 2686 tam
546 2621 758 2709 detorqueant
780 2622 917 2698 literam,
942 2634 977 2688 ut
1000 2621 1048 2686 vel
1071 2621 1182 2686 durior
1205 2622 1340 2696 animus,
1356 2622 1415 2684 mi·

460 2724 614 2788 seratione
629 2725 715 2788 illius
729 2739 884 2788 movetur.
931 2728 1012 2788 Rem
1034 2723 1074 2786 de
1092 2746 1123 2786 re
1144 2721 1310 2806 praedicari
1327 2743 1414 2783 mon-

458 2836 560 2887 strum
576 2824 715 2896 ducunt;
740 2825 812 2888 lioet
828 2824 1013 2888 Aristoteles
1028 2820 1295 2885 monstruositatis
1315 2820 1413 2906 hujus

460 2935 571 2987 auctor
585 2925 637 2997 sit,
653 2936 686 2987 et
701 2946 765 2985 rem
782 2923 822 2986 de
843 2947 877 2986 re
899 2925 1071 3010 saepissime
1093 2933 1212 2984 asserat
1227 2920 1410 3005 praedicari:

459 3023 546 3109 quod
574 3024 677 3108 palam
703 3036 762 3102 est,
781 3023 841 3087 nisi
864 3021 1076 3101 dissimulent,
1097 3020 1306 3085 familiaribus
1333 3023 1413 3109 ejus.

461 3125 556 3189 Alius
571 3138 715 3190 versatur
730 3125 762 3188 in
778 3123 1001 3200 intellectibus,
1011 3133 1044 3186 et
1059 3147 1112 3187 eos
1127 3122 1285 3188 duntaxat
1296 3146 1413 3210 genera

459 3227 536 3293 dicrt
562 3251 639 3307 esse,
666 3241 697 3292 et
724 3226 852 3313 species.
897 3227 1037 3291 Sumunt
1063 3225 1145 3289 euim
1173 3226 1366 3290 occasionem
1394 3250 1413 3290 a

460 3332 613 3397 Cicerone
627 3344 659 3395 et
678 3329 825 3406 Boethio,
848 3329 905 3417 qui
922 3327 1128 3392 Aristotelem
1151 3327 1282 3392 laudant
1303 3342 1413 3392 aucto·

459 3457 537 3515 rem,
551 3433 638 3520 quod
661 3434 729 3499 hac
749 3432 834 3496 credi
856 3445 888 3496 et
910 3430 973 3495 dici
995 3429 1131 3494 debeant
1152 3433 1306 3495 notiones.
1353 3432 1412 3495 Est

457 3547 577 3610 autem,
595 3548 631 3598 ut
645 3535 748 3611 aiunt,
764 3534 851 3597 notio
864 3556 903 3597 ex
921 3546 994 3596 ante
1013 3545 1163 3617 percepta
1181 3530 1286 3596 forma
1305 3531 1410 3613 cujus·

457 3657 521 3719 que
535 3636 580 3698 rei
594 3635 742 3718 cognitio,
758 3633 945 3697 enodatione
959 3632 1115 3719 indigens.
1162 3633 1210 3696 Et
1226 3635 1317 3696 olibi:
1346 3632 1411 3695 No-

458 3735 505 3799 tio
519 3748 567 3799 est
581 3735 710 3820 quidam
727 3734 914 3810 intellectus,
928 3749 960 3800 et
969 3733 1106 3820 simplex
1122 3732 1219 3796 animi
1234 3732 1408 3818 conceptio.

459 3838 511 3900 Eo
525 3859 601 3920 ergo
616 3835 795 3901 deflectitur
809 3836 962 3921 quicquid
978 3837 1132 3922 scriptum
1149 3847 1208 3913 est,
1220 3844 1257 3897 ut
1271 3832 1410 3897 intellec·

458 3952 510 4003 tus
536 3951 591 4002 aut
618 3937 717 4017 notio,
742 3938 967 4002 universalium
999 3935 1238 4002 universitatem
1269 3934 1407 3999 claudat.

458 4038 579 4104 Forum
599 4062 684 4115 vero,
699 4040 756 4125 qui
777 4039 872 4102 rebus
891 4039 1056 4115 inbaerent,
1079 4039 1189 4102 multae
1209 4051 1284 4101 sunt
1305 4049 1336 4100 et
1358 4036 1407 4100 di·

456 4163 556 4207 versoe
570 4141 749 4228 opiniones:
774 4140 929 4227 siquidem
947 4141 1008 4217 bic,
1021 4140 1093 4204 ideo
1104 4140 1192 4224 quod
1208 4160 1301 4201 omne
1316 4137 1403 4223 quod

456 4268 554 4310 unum
570 4258 773 4321 est,.numer0
784 4256 843 4319 est,
855 4258 911 4306 aut
924 4265 988 4306 rem
1002 4240 1221 4319 universalem,
1234 4252 1290 4304 aut
1307 4261 1400 4303 unam

456 4369 589 4412 numero
614 4370 691 4421 esse,
713 4359 769 4409 aut
794 4345 922 4408 omnino
948 4366 1008 4406 non
1034 4366 1101 4406 esse
1125 4340 1297 4406 concludit.
1343 4340 1406 4406 Sed

457 4441 535 4531 quia
557 4445 749 4535 impossibile
772 4445 992 4511 substantialia
1015 4467 1076 4509 non
1100 4467 1178 4518 esse,
1195 4443 1407 4509 existentibus
