4242 5767
580 875 644 936 ³62
843 887 981 933 suenrus
996 879 1274 933 masnamausra

579 1040 725 1116 antistiti,
734 1038 801 1123 juri
812 1041 898 1103 civili
915 1062 1044 1124 operam
1056 1040 1156 1116 dedit,
1166 1050 1199 1104 et
1213 1059 1277 1124 quo
1292 1059 1350 1122 per
1367 1039 1554 1122 experien-

578 1143 655 1206 tiam
671 1161 774 1206 rerum
791 1142 918 1205 facilius
934 1141 1186 1224 dispensationis
1197 1140 1436 1204 ecclesiasticae
1454 1161 1555 1204 usum

578 1254 840 1328 consequeretur,
855 1264 874 1306 a
889 1243 1021 1327 praelato
1043 1241 1288 1324 archiepiscopo
1311 1253 1439 1305 sanctae
1458 1241 1551 1306 Can·

578 1345 747 1409 tnariensis
762 1343 916 1422 ecclesiae,
932 1366 951 1408 a
965 1344 1058 1428 cnjus
1073 1343 1225 1406 uberibus
1240 1343 1419 1421 coaluerat,
1435 1344 1550 1407 archi·

581 1445 738 1509 diaconus
760 1445 923 1509 institutus
945 1455 1003 1522 est,
1024 1443 1075 1523 [ut
1096 1445 1154 1521 sic,
1170 1446 1240 1507 Deo
1264 1444 1448 1523 ordinante,
1465 1456 1551 1510 tem·

579 1568 658 1630 pore
680 1568 749 1624 suo,
764 1546 864 1628 gradu
887 1567 956 1624 suo,
978 1547 1117 1630 locoque
1140 1566 1210 1621 suo,
1231 1544 1490 1610 archidiaconus
1514 1548 1548 1609 in

579 1649 856 1730 archiepiscopum
873 1646 1137 1732 promereretur]

618 1750 697 1812 Post
712 1747 831 1812 modici
846 1749 1000 1832 temporis
1011 1749 1222 1825 intervallum,
1234 1769 1333 1832 qnunr
1350 1747 1433 1812 Dux
1450 1751 1486 1812 N
1489 1771 1542 1813 or·

578 1850 715 1913 mannire
746 1860 779 1913 et
807 1851 988 1934 Aquitauiae
1015 1850 1192 1926 Heuricns,
1220 1849 1370 1912 Gansridi
1401 1849 1546 1915 Comitis

578 1951 821 2034 Andagavensis
850 1966 883 2015 et
910 1938 1057 2016 Matildis
1093 1951 1309 2035 Imperatricis
1342 1951 1444 2030 filius,
1473 1955 1545 2036 regi

579 2053 745 2137 Stephano
760 2054 795 2117 in
809 2074 943 2136 regnum
959 2055 1086 2136 Angliae
1104 2052 1324 2130 successisset,
1338 2054 1544 2120 elaboratum

578 2168 627 2216 est
641 2157 681 2217 ab
697 2155 860 2218 antedicto
875 2156 1131 2239 archiepiscopo,
1145 2168 1182 2219 ut
1196 2151 1445 2220 archidiaconus
1459 2177 1543 2221 suus

578 2251 667 2332 regni
683 2252 893 2315 cancellarius
909 2255 1094 2316 efficeretur.
1140 2255 1220 2318 Erat
1235 2254 1319 2318 enim
1339 2255 1368 2319 ei
1383 2269 1544 2339 suspecta

577 2352 793 2417 adolescentia
807 2354 901 2435 regis,
913 2366 946 2417 et
955 2353 1111 2438 juvenum
1128 2369 1160 2418 et
1174 2377 1344 2440 praromm
1354 2357 1540 2438 hominum,

579 2475 714 2539 quorum
730 2454 875 2518 consiliis
894 2455 947 2536 agi
968 2455 1142 2535 ridebatur,
1158 2459 1375 2541 insipientiam
1397 2471 1431 2522 et
1445 2458 1541 2523 mali·

578 2557 654 2619 tiam
679 2554 890 2631 formidabat3
919 2569 952 2620 et
973 2579 1014 2619 ne
1036 2558 1192 2623 instinctu
1214 2580 1323 2623 eorum
1345 2561 1543 2626 insolentius

577 2668 686 2738 ageret
710 2657 782 2741 jure
810 2658 950 2734 victoris,
976 2656 1033 2741 qui
1063 2659 1124 2722 sibi
1155 2659 1331 2739 ridebatur,
1356 2661 1417 2723 etsi
1447 2663 1542 2728 aliter

578 2769 674 2834 esset,
688 2759 844 2842 populum
861 2759 1037 2841 subegisse,
1053 2760 1281 2824 cancellarium
1297 2765 1491 2844 procurabat
1505 2766 1540 2828 in

577 2859 666 2924 curia
681 2859 831 2937 ordinari,
847 2861 938 2946 cujus
955 2881 1016 2942 ope
1032 2873 1065 2924 et
1080 2883 1178 2945 opera
1189 2864 1261 2925 novi
1276 2864 1372 2946 regia,
1386 2886 1428 2928 ne
1444 2871 1538 2930 saeri·

576 2975 626 3026 ret
647 2964 681 3025 in
705 2961 886 3039 ecclesiam,
907 2962 1063 3044 impetum
1085 2963 1262 3044 cohiberet,
1282 2979 1314 3028 et
1336 2968 1466 3031 consilii
1489 2969 1540 3033 sui

577 3072 766 3144 temperaret
786 3061 951 3138 malitiam,
967 3072 1000 3124 et
1020 3064 1206 3146 reprimeret
1225 3066 1393 3131 andaciam
1414 3070 1539 3134 officia·

576 3163 667 3241 lium,
683 3161 739 3246 qui
753 3164 813 3225 sub
830 3163 963 3227 obtentu
978 3164 1120 3247 publicae
1140 3167 1306 3249 potestatis
1327 3179 1359 3230 et
1374 3183 1539 3252 praetextu

573 3263 669 3347 juris,
694 3276 758 3326 tam
788 3263 935 3326 ecclesiae
964 3285 1063 3348 quam
1092 3266 1336 3348 provincialium
1365 3269 1540 3335 facultates

577 3365 714 3449 diripere
730 3365 999 3448 conspiraverant.

619 3469 659 3530 In
681 3467 792 3550 primis
814 3479 920 3530 autem
944 3468 1144 3531 cancellariae
1166 3490 1231 3533 suae
1254 3472 1410 3555 auspiciis
1432 3481 1481 3538 tot
1507 3486 1541 3539 et

576 3578 681 3632 tantas
707 3568 862 3632 variarum
889 3569 1114 3631 necessitatum
1142 3569 1345 3636 difficultates
1371 3573 1539 3653 sustinuit,

576 3681 624 3734 tot
651 3672 814 3734 laboribus
843 3671 968 3734 attritus
998 3682 1048 3735 est
1075 3683 1108 3734 et
1137 3683 1185 3735 tot
1213 3673 1444 3740 afflictionibus
1474 3678 1540 3743 fuir

576 3791 759 3852 oppressus,
775 3780 822 3833 tot
841 3772 969 3835 insidiis
991 3774 1165 3857 appetitus,
1185 3786 1232 3839 tot
1253 3776 1379 3861 laqueis
1402 3778 1436 3840 in
1457 3782 1538 3846 aula

576 3871 745 3953 expositus
761 3892 781 3933 a
795 3872 916 3935 malitia
925 3875 1174 3940 inhabitantium
1189 3879 1222 3941 in
1238 3900 1287 3957 ea,
1297 3890 1334 3942 ut
1348 3900 1434 3959 eum,
1450 3881 1539 3947 sicut

575 3973 817 4057 archiepiscopo
832 3994 891 4035 suo
908 3985 940 4037 et
956 3976 1069 4038 amicis
1089 3981 1148 4042 sub
1169 3981 1369 4045 lacrimarum
1389 3984 1540 4051 testimo-

575 4077 630 4140 nio
644 4076 758 4140 referre
772 4075 885 4139 solitus
900 4087 978 4152 erat,
993 4096 1080 4160 saepe
1095 4079 1128 4141 in
1144 4080 1214 4145 dies
1235 4083 1379 4163 singulos
1400 4084 1537 4152 taederet

576 4202 649 4244 eum
664 4179 737 4242 vitae
752 4200 830 4253 suae,
846 4192 878 4242 et
896 4190 971 4260 post
990 4179 1061 4243 virae
1082 4193 1199 4246 etemae
1221 4183 1415 4249 desiderium
1435 4208 1539 4273 super

575 4281 683 4344 omnia
698 4292 834 4365 optaret,
844 4295 880 4344 ut
895 4283 1017 4364 absque
1031 4294 1108 4347 nota
1123 4284 1261 4350 insamiae
1275 4299 1388 4370 posset
1402 4311 1423 4354 a
1434 4291 1538 4356 curiae

574 4384 713 4446 nexibus
727 4385 893 4467 explicari.
932 4383 1028 4449 Licet
1038 4386 1122 4450 enim
1136 4388 1166 4451 ei
1182 4388 1320 4452 mundns
1333 4389 1365 4451 in
1383 4394 1540 4460 omnihus

574 4485 745 4549 lenociniis
767 4485 833 4548 suis
855 4485 977 4549 adulari
1000 4499 1033 4551 et
1058 4488 1250 4572 applaudere
1277 4489 1449 4572 rideretur,
1471 4518 1538 4564 nec
