4242 5767
518 880 583 940 920
780 891 919 936 JonNNts
935 889 1213 937 sanssasnrsssrs
1310 875 1484 954 [sacr.1v·

521 1032 586 1108 tilis
608 1055 654 1106 est
678 1055 709 1106 et
731 1057 847 1108 acutus
870 1042 957 1130 quod
980 1042 1084 1106 aerei
1107 1043 1211 1122 cedat,
1226 1067 1282 1107 nec
1304 1042 1425 1128 aliquid
1449 1044 1477 1106 ei

520 1143 627 1207 obstat
637 1143 697 1207 nisi
706 1144 793 1228 quod
802 1166 947 1230 grossum
959 1145 1010 1222 sit,
1019 1144 1107 1229 quod
1118 1145 1147 1207 ai
1159 1145 1328 1209 terminum
1340 1154 1475 1209 statuat:

522 1268 614 1312 aures
640 1269 715 1309 vero
743 1259 775 1310 et
802 1247 908 1310 caeteri
938 1267 1047 1310 sensus
1076 1269 1138 1310 non
1170 1248 1322 1327 sentiunt,
1347 1246 1405 1311 nisi
1436 1247 1476 1310 de

522 1348 668 1433 proximo
679 1347 879 1412 obstaculum
893 1349 1063 1414 inveniant.
1091 1350 1240 1413 Harenas
1255 1353 1476 1446 Mancutgtgs.

522 1450 584 1513 Est
597 1460 703 1514 autem
719 1452 751 1513 in
768 1451 871 1536 prima
886 1466 977 1536 parte
992 1427 1476 1535 capitiffiffldlaffi⁶dici-

521 1562 574 1614 tur
599 1548 810 1635 phantastica,
835 1549 966 1635 spiritns
987 1547 1119 1632 quidam
1145 1548 1291 1612 subtilior
1311 1561 1341 1612 et
1364 1548 1477 1630 agilior

521 1650 635 1734 spiritu
652 1671 709 1736 per
728 1648 860 1713 arterias
874 1649 1001 1712 diffuso.
1047 1651 1156 1726 Quum
1179 1662 1286 1712 autern
1303 1649 1407 1713 anima
1422 1649 1477 1712 illo

520 1749 634 1837 spiritu
660 1761 769 1813 utatur
791 1770 851 1835 pro
872 1749 1102 1812 instrumento:
1135 1771 1168 1810 re
1190 1748 1320 1812 absente
1342 1749 1474 1812 formam

520 1848 759 1939 comprehendit
774 1849 805 1913 in
822 1849 962 1914 materia.
1005 1853 1087 1914 Haec
1102 1850 1150 1912 vis
1165 1849 1279 1914 animae
1294 1850 1477 1936 imaginatio

520 1951 649 2016 dicitur.
693 1948 810 2014 Differt
840 1972 859 2012 a
889 1970 994 2023 sensu,
1020 1948 1098 2034 quia
1124 1971 1234 2013 sensus
1264 1973 1297 2014 re
1323 1965 1476 2036 prasente

520 2054 654 2116 formam
670 2051 910 2138 comprehendit
925 2051 957 2114 in
975 2051 1115 2115 materia.
1148 2051 1338 2137 Imaginatio
1353 2075 1427 2116 vero
1442 2075 1475 2115 re

521 2154 662 2229 absente,
684 2167 716 2217 et
739 2157 784 2216 ita
809 2153 952 2228 confuse,
975 2153 1053 2238 quia
1076 2174 1137 2215 non
1161 2153 1305 2217 discrete.
1353 2154 1390 2216 In
1416 2153 1473 2217 hac

521 2255 630 2318 eadem
646 2253 761 2318 cellula
781 2276 910 2339 quoque
931 2254 1064 2340 spiritus
1083 2253 1135 2317 ille
1151 2255 1187 2319 fit
1208 2253 1333 2318 tenuior
1353 2270 1385 2318 et
1401 2255 1474 2319 sub·

522 2356 619 2436 tilior,
643 2370 675 2420 ct
705 2377 807 2441 quum
838 2380 875 2420 eo
904 2358 1009 2421 anima
1039 2370 1162 2433 utatur,
1187 2356 1305 2420 formas
1331 2358 1471 2420 materiae

521 2458 680 2523 admixtas
699 2458 950 2545 comprehendit,
975 2482 1032 2524 nec
1053 2473 1158 2524 tamen
1179 2480 1283 2523 rerum
1308 2458 1471 2523 veritatem

520 2560 667 2647 percipit,
689 2561 743 2625 sed
765 2561 916 2625 discernit
936 2576 969 2626 et
991 2560 1133 2646 inquirit.
1179 2561 1316 2624 Materia
1338 2581 1475 2645 namque

520 2663 700 2738 confundit,
723 2686 762 2727 ne
787 2664 961 2727 formarum
987 2663 1103 2726 veritas
1128 2647 1304 2726 circaeam
1331 2681 1472 2750 compre-

519 2764 615 2828 hendi
638 2765 746 2851 possit.
793 2767 874 2830 Haec
892 2767 941 2829 vis
961 2769 1075 2831 animae
1097 2765 1178 2830 ratio
1195 2765 1325 2839 dicitur,
1347 2778 1378 2829 et
1397 2779 1473 2830 tunc

520 2865 634 2930 cellula
649 2867 703 2930 illa
718 2866 889 2932 rationalis.

565 2967 604 3030 In
621 2966 723 3030 media
744 2989 819 3030 vero
834 2984 925 3052 parte
944 2966 1069 3054 capitis,
1083 2968 1114 3031 in
1131 2966 1245 3031 cellula
1266 2991 1340 3053 quae
1355 2967 1472 3031 dicitur

519 3064 750 3132 intellectuales
765 3068 881 3143 anima,
898 3092 998 3155 quum
1016 3069 1152 3156 simplex
1168 3082 1237 3133 tum
1253 3068 1472 3147 immutabilis,

518 3169 559 3232 ad
576 3191 664 3233 suam
680 3191 809 3256 quoque
824 3168 1115 3237 immutabilitatem
1133 3195 1165 3236 se
1181 3172 1302 3258 recipit,
1318 3184 1348 3234 et
1366 3194 1471 3235 rerum

518 3271 638 3339 formas
658 3286 749 3337 extra
771 3273 934 3337 materiam
958 3273 988 3336 in
1008 3296 1066 3337 sua
1089 3272 1350 3338 immutabilitate
1372 3274 1473 3336 consi-

518 3373 618 3438 derat.
668 3373 750 3438 Haec
771 3376 817 3438 vis
837 3376 950 3439 animae
973 3374 1141 3461 disciplina
1162 3389 1303 3455 vocatur,
1321 3377 1399 3462 quia
1419 3398 1473 3462 per

518 3475 717 3561 disciplinam
738 3491 770 3541 et
785 3475 960 3540 doctrinam
983 3476 1024 3539 ad
1042 3476 1123 3539 hanc
1144 3475 1316 3541 formarum
1334 3477 1473 3541 conside-

517 3577 670 3641 rationem
687 3579 823 3641 venitur.
872 3576 909 3641 ln
924 3575 1033 3640 eadem
1057 3599 1132 3640 vero
1147 3576 1273 3652 cellula,
1288 3601 1354 3663 qua
1369 3579 1476 3641 anima

517 3675 633 3740 formas
656 3700 759 3740 renum
780 3678 812 3740 in
836 3700 894 3741 sua
913 3677 1117 3763 simplicitate
1138 3678 1330 3754 considerat,
1350 3703 1383 3743 se
1404 3680 1473 3764 ipsa

519 3789 611 3840 utens
620 3799 678 3861 pro
687 3777 908 3852 instrumento,
920 3778 1092 3844 itascilicet
1103 3776 1280 3844 utformam
1291 3779 1401 3843 circuli
1412 3802 1472 3841 non

518 3875 620 3939 solum
636 3899 656 3938 a
671 3875 803 3938 materia
817 3877 993 3955 abstrahat,
1018 3901 1128 3942 verum
1146 3878 1239 3941 etiam
1252 3892 1284 3943 et
1299 3877 1365 3941 sine
1387 3882 1472 3942 omni

519 3976 658 4064 partium
671 3977 896 4062 compositione
908 3976 1078 4063 intelligat.
1111 3981 1192 4042 Hoec
1209 3982 1255 4043 via
1266 3980 1476 4063 intelligentia

519 4078 734 4166 dicitur'quae
757 4075 855 4142 solius
878 4076 939 4142 Dei
962 4092 1021 4154 est,
1045 4095 1078 4143 et
1102 4092 1217 4166 praeter
1241 4080 1311 4144 hoc.
1357 4083 1473 4147 Differt

520 4193 627 4246 autem
653 4203 673 4242 a
698 4177 876 4263 disciplina,
901 4176 979 4264 quia
1005 4179 1074 4244 haec
1101 4180 1343 4246 immutabiliter
1368 4205 1474 4247 rerum

519 4281 638 4344 formas
658 4293 694 4344 ut
709 4303 747 4344 ex
764 4279 911 4365 partibus
929 4280 1121 4367 compositas
1135 4280 1312 4346 considerat
1326 4307 1335 4354 ς
1363 4283 1476 4348 intelli-

519 4382 627 4467 gentis
643 4403 717 4444 vero
737 4379 802 4443 sine
817 4383 902 4444 omni
926 4383 1066 4466 partium
1083 4381 1311 4468 compositione
1333 4406 1474 4470 compre-

519 4484 640 4547 hendit.
