4242 5767
590 889 630 949 58
846 905 983 951 scaurus
998 905 1276 955 sanusuunruusrs
1423 903 1502 976 [ura.
1520 915 1542 959 1.

590 1053 711 1117 colores
725 1052 909 1131 rhetoricos,
932 1055 1149 1123 cavillationes
1171 1061 1417 1147 sophismatum,
1433 1077 1546 1150 etqua

589 1166 680 1240 parte
709 1155 757 1218 sui
779 1157 954 1242 propositio
984 1157 1128 1223 lectionis
1162 1161 1316 1227 articulus
1355 1164 1544 1248 respiciebat

589 1255 630 1317 ad
646 1255 723 1319 alias
738 1256 933 1342 disciplinas,
950 1260 1147 1344 proponebat
1164 1262 1194 1325 in
1213 1262 1333 1327 medio:
1365 1264 1410 1328 ita
1428 1278 1543 1341 tamen,

591 1370 626 1422 ut
642 1379 704 1421 non
720 1361 751 1422 in
762 1358 898 1444 singulis
911 1364 1057 1425 universa
1067 1362 1207 1441 doceret,
1223 1365 1276 1428 sed
1294 1387 1353 1452 pro
1368 1371 1546 1452 capacitate

589 1459 799 1540 audientium,
813 1460 1010 1546 dispensaret
1021 1463 1066 1527 eis
1081 1467 1112 1527 in
1129 1478 1271 1553 tempore
1285 1467 1440 1532 doctrinae
1455 1490 1542 1532 men·

590 1585 706 1626 suram.
753 1562 795 1628 Et
809 1564 887 1647 quia
907 1564 1057 1650 splendor
1077 1568 1228 1631 orationis
1242 1581 1299 1633 aut
1314 1593 1336 1633 o
1347 1573 1547 1652 proprietate

589 1675 648 1742 est,
662 1663 695 1729 id
711 1677 770 1744 est,
785 1687 885 1750 quum
903 1666 1095 1750 adjectivum
1112 1682 1169 1733 aut
1185 1670 1331 1751 verbum,
1343 1671 1543 1735 substantivo

588 1765 750 1850 eleganter
771 1765 970 1853 adjungitur,
985 1782 1042 1831 aut
1056 1791 1079 1832 o
1101 1773 1330 1846 translatione,
1351 1771 1384 1835 id
1405 1786 1465 1848 est,
1489 1771 1545 1837 ubi

588 1889 690 1931 sermo
705 1891 744 1932 ex
760 1890 857 1932 causa
870 1868 1038 1953 probabili,
1053 1868 1095 1932 ad
1117 1869 1252 1934 alienam
1276 1871 1457 1937 traducitur
1481 1873 1544 1957 sig·

588 1969 809 2049 nificationem,
825 1969 905 2046 lroec,
921 1983 1050 2054 sumpta
1064 1971 1237 2043 occasione,
1256 1972 1437 2038 inculcabat
1454 1997 1545 2038 men·

588 2070 676 2134 tibus
690 2068 886 2134 auditorum.
931 2071 975 2133 Et
988 2069 1138 2155 quoniam
1156 2071 1305 2135 memoria
1321 2073 1474 2136 exercitio
1487 2076 1544 2137 fir·

588 2185 706 2250 matur,
725 2172 953 2256 ingeniumque
976 2172 1104 2236 acuitur
1126 2171 1167 2235 ad
1184 2173 1373 2237 imitandum
1397 2197 1445 2250 ea,
1468 2195 1543 2259 quoe

586 2273 772 2349 audiebant,
784 2271 862 2336 alios
874 2270 1155 2351 admonitionibus,
1166 2273 1245 2338 alios
1253 2273 1423 2360 flagelliset
1440 2281 1544 2362 poenis

588 2374 734 2460 urgebat.
779 2374 986 2459 Cogebantur
1002 2378 1166 2440 exsolvere
1183 2374 1301 2458 singuli
1323 2374 1375 2439 die
1397 2377 1543 2460 sequenti

587 2476 709 2562 aliquid
726 2498 848 2554 eorum,
864 2500 939 2563 quae
958 2477 1151 2563 praecedenti
1172 2477 1356 2551 andieranu
1379 2477 1433 2542 alii
1457 2477 1543 2565 plus,

523 2631 527 2643 .
586 2577 640 2642 alii
655 2578 775 2643 minus:
798 2579 961 2656 eratenim
977 2579 1065 2666 apud
1081 2603 1134 2643 eos
1145 2580 1355 2665 praecedentis
1367 2579 1544 2667 discipulus

587 2700 723 2766 sequens
734 2680 813 2745 dies.
858 2682 1082 2767 vespertinum
1096 2681 1294 2761 exercitium,
1303 2681 1391 2767 quod
1405 2680 1542 2745 declina-

549 2822 553 2830 ·
586 2783 632 2847 tio
647 2783 825 2859 dicebatur,
841 2796 929 2848 tanta
944 2783 1130 2868 copiositate
1144 2783 1360 2869 grammaticae
1383 2783 1538 2846 refertum

586 2897 666 2963 erat,
683 2899 718 2949 ut
734 2886 833 2971 siquis
848 2885 879 2948 in
900 2908 938 2947 eo
953 2906 1144 2971 perannum
1167 2884 1327 2968 integrum
1344 2895 1537 2960 versaretur,

586 2987 739 3051 rationem
757 2986 907 3072 loquendi
923 2999 955 3051 et
970 2986 1138 3066 scribendi,
1154 2985 1256 3049 sinon
1280 2997 1360 3048 esset
1384 2984 1539 3061 hebetior,

586 3089 717 3154 haberet
734 3089 774 3153 ad
790 3112 930 3168 manum,
944 3100 976 3152 et
993 3088 1251 3173 significationem
1269 3108 1464 3163 sermonum,
1482 3087 1539 3173 qui

586 3194 618 3257 in
635 3191 793 3256 communi
811 3215 870 3256 usu
886 3211 1064 3267 versantur,
1077 3191 1224 3276 ignorare
1239 3212 1300 3253 non
1314 3202 1429 3274 posset.
1477 3189 1540 3253 Sed

586 3295 662 3379 quia
677 3317 733 3358 nec
749 3292 899 3371 scholam,
917 3315 974 3356 nec
996 3291 1079 3356 diem
1102 3292 1243 3378 aliquem
1267 3290 1358 3356 decet
1379 3313 1448 3354 esse
1471 3292 1542 3356 reli-

584 3394 688 3481 gionis
702 3409 877 3482 expertem,
893 3417 932 3458 ea
947 3394 1186 3480 proponebatur
1200 3392 1342 3470 materia,
1355 3414 1429 3478 quoe
1444 3391 1540 3455 fidem

586 3498 767 3577 aedificaret,
789 3513 821 3564 et
844 3521 957 3574 mores,
973 3510 1005 3561 et
1027 3496 1112 3560 unde
1131 3497 1188 3582 qui
1207 3507 1430 3570 convenerant,
1448 3493 1540 3580 quasi

584 3600 917 3685 collationequadam,
931 3596 1147 3662 animarentur
1161 3596 1202 3658 ad
1224 3597 1353 3660 bonnm.
1399 3595 1540 3660 Novissi-

585 3723 657 3764 mus
676 3714 784 3765 autern
807 3699 905 3784 hujus
926 3695 1155 3770 declinationis,
1186 3695 1284 3759 immo
1309 3694 1538 3781 philosophicae

584 3802 773 3876 collationis,
789 3798 952 3875 articulus,
968 3796 1098 3883 pietatis
1112 3797 1247 3881 vestigia
1266 3796 1476 3882 praeferebat:
1500 3808 1532 3859 et

584 3907 704 3967 animas
724 3903 948 3967 defunctorum
969 3899 1224 3976 commendabat,
1246 3899 1363 3962 devota
1377 3896 1536 3961 oblatione

584 4002 709 4089 psalmi,
725 4003 781 4089 qui
805 4004 837 4066 in
858 3997 1143 4088 poenitentialibus,
1165 4012 1275 4062 sextus
1291 4009 1350 4073 est,
1367 4010 1397 4062 et
1420 3997 1452 4060 in
1467 4018 1538 4060 ora.

585 4106 670 4172 tione
681 4106 859 4181 Dominica,
872 4103 1079 4188 Redemptori
1092 4124 1160 4165 suo.
1199 4099 1329 4173 Quibus
1337 4112 1443 4162 autern
1458 4099 1538 4163 indi-

584 4210 738 4275 cebantur
760 4203 1054 4295 praeexercitamina
1076 4225 1258 4289 puerorum,
1289 4199 1321 4264 in
1345 4200 1457 4285 prosis,
1479 4218 1536 4265 aut

584 4311 785 4400 poematibus
795 4307 968 4382 imitandis,
979 4318 1099 4390 poetas,
1109 4317 1315 4368 autoratores
1326 4303 1536 4387 proponebat,

584 4428 615 4477 et
631 4435 740 4477 eorum
752 4411 889 4498 jubebat
904 4407 1038 4493 vestigia
1049 4404 1177 4481 imitari,
1188 4403 1358 4468 ostendens
1363 4402 1534 4488 juncturas

584 4515 771 4591 dictionum,
788 4526 820 4578 et
834 4511 994 4597 elegantes
1009 4501 1188 4573 sermonum
1205 4504 1371 4570 clausulas.
1412 4505 1445 4568 si
1461 4505 1536 4590 quis
