4242 5767
446 814 490 872 92
706 823 842 869 scaurus
857 822 1135 871 msasaaamnsrs
1269 813 1348 887 [ars.
1365 823 1401 870 11.

451 975 485 1039 id
505 987 565 1052 est,
585 973 781 1061 exemplares
803 972 927 1050 formae,
948 995 1054 1038 rerum
1078 974 1240 1060 primaevae
1259 974 1402 1039 omnium

450 1077 588 1142 rationes
610 1091 696 1155 sunt,
711 1098 783 1162 quae
802 1097 859 1138 nec
879 1074 1122 1139 diminutionem
1145 1074 1323 1159 stracipiunt
1346 1098 1403 1139 nec

450 1190 677 1262 augmentum3
703 1175 834 1240 stabiles
855 1188 888 1239 et
910 1188 1093 1262 perpetuae:
1122 1189 1157 1240 ut
1181 1176 1239 1241 etsi
1263 1175 1403 1241 mundus

452 1286 540 1347 totus
565 1275 737 1363 corporalis
758 1289 879 1360 pereat,
900 1290 1060 1362 nequeant
1087 1277 1226 1342 interire.
1283 1280 1403 1343 Rerum

451 1377 592 1442 omnium
623 1377 835 1463 corporalium
866 1398 1016 1441 numerus
1041 1377 1184 1442 consistit
1211 1376 1243 1440 in
1270 1377 1336 1441 his:
1372 1391 1404 1442 et

451 1483 533 1546 sicut
562 1481 594 1545 in
627 1479 708 1545 libro
738 1479 779 1543 de
814 1478 914 1542 libero
944 1478 1078 1544 arbitrio
1107 1478 1235 1544 videtur
1264 1491 1405 1544 astruere

453 1580 665 1669 Augustinus,
694 1581 771 1667 quia
797 1581 848 1644 hae
874 1602 998 1666 semper
1022 1594 1108 1655 suut,
1133 1580 1256 1646 etiamsi
1284 1593 1405 1666 tempo-

449 1683 528 1749 ralia
542 1683 644 1768 perire
666 1683 843 1767 contingat,
866 1705 971 1747 rerum
994 1705 1147 1747 numerus
1169 1705 1226 1747 uec
1247 1682 1405 1746 'minuitur

451 1808 508 1849 neo
530 1796 678 1871 augetur.
725 1789 880 1871 Magnum
904 1784 1047 1870 profecto
1070 1798 1129 1865 est,
1146 1798 1177 1849 et
1201 1798 1313 1849 notum
1333 1784 1405 1870 pbi-

450 1886 604 1973 losopbis,
633 1886 922 1971 contemplantibus
955 1885 1080 1965 altiora,
1114 1885 1201 1971 quod
1232 1887 1286 1949 isti
1315 1885 1406 1970 polli-

451 2000 582 2050 centur:
614 1983 681 2059 sed,
701 1984 784 2047 sicut
807 1984 975 2058 Boethius,
998 1997 1030 2048 et
1052 1983 1105 2047 alii
1127 1984 1221 2048 multi
1246 1997 1404 2048 testantur

452 2097 608 2161 auctores,
639 2107 658 2147 a
692 2083 847 2147 sententia
885 2082 1068 2147 Aristotelis
1104 2086 1231 2169 penitus
1267 2082 1403 2148 alienum

450 2198 507 2249 est.
554 2184 636 2247 Nam
659 2198 692 2246 et
713 2182 781 2266 ipse
804 2181 879 2246 huic
902 2182 1078 2260 sententiaa,
1100 2182 1180 2246 sicut
1204 2183 1334 2248 evidens
1355 2199 1401 2249 est

451 2287 484 2351 in
501 2284 590 2348 libris
603 2285 687 2371 ejus,
702 2283 818 2369 saepius
838 2283 1034 2348 adversatur.
1080 2288 1226 2371 Egerunt
1241 2286 1404 2371 operosius

453 2385 636 2451 Bernardus
662 2386 877 2463 carnotensis,
904 2398 936 2450 et
962 2387 1031 2474 ejus
1057 2399 1237 2469 sectatores,
1261 2400 1297 2452 ut
1320 2411 1404 2452 com-

450 2502 604 2576 ponerent
618 2548 619 2551 ,
633 2491 715 2552 inter
751 2487 953 2554 Aristotelem
984 2501 1016 2554 et
1047 2489 1225 2565 Platonem,
1257 2490 1310 2555 sed
1349 2515 1402 2555 eos

451 2590 541 2655 tarde
556 2590 676 2655 venisse
699 2590 850 2668 arbitror,
873 2604 905 2655 et
925 2590 1084 2656 laborasse
1103 2591 1136 2655 in
1158 2614 1274 2656 vanum
1297 2606 1335 2657 ut
1356 2617 1403 2657 re·

449 2691 650 2756 conciliarent
681 2705 834 2765 mortuos,
866 2694 933 2777 qui,
963 2691 1107 2777 quandiu
1144 2691 1175 2754 in
1206 2692 1272 2756 vita
1303 2692 1403 2772 licuit,

449 2791 674 2855 dissenserunt.
727 2794 827 2854 Porro
847 2791 929 2854 alius
952 2804 987 2854 ut
1012 2791 1214 2854 Aristotelem
1234 2791 1403 2875 exprimat,

449 2913 522 2955 eum
550 2889 697 2953 Gilberto
723 2889 886 2974 Episcopo
915 2889 1106 2965 Pictarensi,
1135 2889 1401 2955 universalitatem

448 2990 559 3055 formis
585 2990 701 3054 nativis
730 2987 892 3067 attribuit,
917 3002 949 3053 et
980 2988 1010 3052 in
1040 3011 1149 3053 aarum
1181 2990 1401 3057 conformitate

450 3092 582 3157 laborat.
628 3091 689 3154 Est
711 3103 818 3154 autem
841 3090 945 3157 forma
970 3090 1089 3167 nativa,
1111 3092 1274 3177 originalis
1296 3115 1402 3158 exem-

449 3193 551 3282 plum,
565 3205 598 3257 et
617 3215 692 3278 quae
713 3213 775 3255 non
797 3189 827 3255 in
848 3207 953 3258 mente
974 3193 1036 3259 Dei
1059 3194 1213 3274 consistit,
1228 3196 1281 3260 sed
1306 3197 1402 3262 rebus

449 3296 563 3361 creatis
591 3294 737 3359 inhaeret.
789 3295 870 3359 Haec
893 3297 1008 3361 Graeeo
1029 3295 1157 3383 eloquio
1182 3296 1300 3363 dieitur
1327 3298 1404 3377 εἶδος,

449 3398 568 3463 habens
594 3420 626 3462 se
656 3396 696 3461 ad
724 3396 841 3475 ideam,
869 3409 906 3461 ut
934 3397 1116 3483 exemplum
1144 3398 1184 3462 ad
1216 3400 1400 3485 exemplar;

450 3499 606 3562 sensibilis
620 3496 750 3582 quidem
767 3498 799 3561 in
816 3520 850 3560 re
866 3498 1018 3576 sensibili,
1033 3498 1087 3560 sed
1104 3511 1209 3562 mente
1224 3499 1403 3584 concipitur

448 3598 658 3660 insensibilis:
692 3596 863 3681 singularis
888 3620 1019 3683 quoque
1049 3599 1082 3660 in
1114 3597 1260 3682 singulis,
1284 3599 1338 3661 sed
1368 3599 1400 3661 in

448 3694 597 3758 omnibus
619 3693 813 3758 universalis.
859 3699 920 3758 Est
941 3708 973 3759 et
995 3695 1088 3773 alius,
1111 3696 1180 3782 qui,
1202 3718 1275 3759 oum
1296 3700 1401 3761 Gaus-

449 3793 521 3856 lenc
538 3790 736 3854 Suesionensi
760 3791 933 3877 Episcopo,
956 3793 1226 3859 universalitatem
1250 3795 1346 3859 rebus
1369 3796 1399 3858 in

450 3915 549 3957 unum
571 3891 711 3956 collectis
733 3892 897 3973 attribuit,
921 3907 954 3959 et
981 3895 1115 3981 singolis
1136 3895 1268 3961 eandem
1291 3896 1401 3963 demit.

449 3993 588 4068 Exinde,
613 4015 714 4079 quum
741 3994 781 4058 ad
808 3995 1066 4080 interpretandas
1091 3997 1299 4065 auctoritates
1325 4022 1398 4063 ven-

449 4110 518 4161 tum
541 4107 600 4174 est,
614 4093 738 4159 laborat
760 4116 828 4180 prae
850 4093 979 4159 dolore:
1001 4093 1078 4179 quia
1100 4093 1131 4157 in
1152 4093 1228 4159 locis
1252 4095 1401 4181 pluribus

448 4202 566 4264 mlum
586 4199 691 4261 litarae
714 4197 921 4278 indignantia
932 4197 1030 4279 serre
1055 4216 1122 4259 non
1147 4199 1293 4260 sustinet.
1338 4200 1400 4262 Est

447 4296 563 4383 aliquis
591 4295 648 4383 qui
678 4295 842 4381 confugiat
872 4296 913 4359 ab
943 4294 1121 4362 subsidium
1153 4317 1243 4360 novae
1268 4295 1398 4382 linguae,

449 4399 524 4486 quia
550 4399 674 4464 Latinae
700 4398 846 4484 peritiam
872 4420 934 4462 non
959 4397 1035 4462 satis
1058 4397 1174 4462 babet:
1199 4420 1283 4463 nuuc
1302 4398 1396 4480 euim,
