4242 5767
539 849 604 910 200
808 860 946 908 ioannis
962 861 1246 909 sannsnsnmnsrs
1350 844 1432 925 [aaa.
1449 863 1493 909 ιν.

584 1149 664 1234 Cap.
681 1155 732 1214 39.
755 1149 808 1213 De
820 1151 1015 1213 cotaerentta
1030 1150 1168 1213 rationis
1181 1156 1212 1213 et
1227 1151 1392 1223 veritatis5
1416 1156 1447 1212 et

799 1252 934 1315 breviter
947 1253 1028 1333 quid
1042 1258 1225 1334 utrumque.

582 1423 730 1485 Vaarras
744 1433 863 1499 autem,
880 1425 940 1485 lua
954 1425 1070 1486 metatis
1084 1419 1145 1499 esi,
1156 1433 1189 1486 et
1204 1420 1336 1485 materia
1351 1420 1491 1484 rationis.

539 1522 635 1585 Hanc
655 1521 746 1585 Deus
769 1520 1001 1596 universaliter,
1024 1522 1167 1608 Angelus
1188 1520 1422 1609 particulariter
1444 1523 1490 1585 in-

539 1634 670 1687 tuetur:
693 1620 789 1687 homo
803 1623 1313 1709 autem,4et‘iampe„rfectissimus
1327 1637 1491 1713 9¹99}OE

537 1723 661 1788 modice
688 1724 796 1800 videt,
836 1725 891 1789 sed
918 1749 986 1812 quo
1010 1725 1191 1811 perfectior,
1213 1749 1251 1790 eo
1273 1725 1410 1813 amplius
1435 1748 1491 1810 ap·

531 1814 757 1912 'petits—llice
776 1841 823 1892 est
845 1826 990 1893 soliditas
1011 1827 1212 1893 certitudinis
1226 1829 1258 1892 in
1274 1851 1340 1915 qua
1362 1827 1492 1892 rationis

537 1926 624 2015 viget
648 1952 791 1995 examen.
835 1929 927 1995 Tolle
949 1933 1053 1994 lucem
1077 1943 1108 1995 et
1131 1930 1335 2005 soliditatem,
1359 1930 1491 1993 frustra-

536 2031 661 2095 buntur
683 2030 771 2096 visus
796 2043 829 2096 et
855 2044 980 2104 tactus;
1016 2031 1100 2096 sicut
1127 2046 1160 2096 et
1184 2035 1215 2096 in
1242 2032 1311 2096 aliis
1333 2031 1488 2105 sensibus,

538 2154 627 2208 sono,
643 2132 693 2195 vel
714 2132 823 2208 odore,
839 2133 890 2197 vel
905 2156 1018 2219 sapore
1040 2121 1217 2197 subtracto.
1264 2132 1365 2197 Simili
1381 2131 1487 2207 modo,

535 2233 638 2298 omnis
652 2257 762 2300 sensus
783 2235 915 2301 rationis
928 2236 1151 2314 frustrabitur,
1164 2235 1298 2299 veritate
1318 2233 1486 2298 subducta.

535 2337 735 2402 Contrarium
765 2361 839 2402 vero
860 2340 940 2425 ejus,
961 2352 1009 2403 est
1034 2342 1155 2403 veritos
1180 2360 1235 2401 seu
1252 2339 1406 2421 salsitas,
1429 2350 1486 2408 aut

534 2437 645 2504 inane:
669 2439 769 2526 quod,
783 2441 865 2505 sicut
882 2439 1084 2528 philosophia
1106 2439 1233 2526 probat,
1247 2440 1280 2502 in
1296 2438 1392 2502 rebus
1407 2438 1486 2502 nihil

534 2554 592 2606 est.
623 2542 721 2606 Unde
731 2556 763 2607 et
775 2541 968 2628 quibusdam
982 2541 1115 2628 placuit,
1126 2545 1237 2616 moue,
1251 2540 1342 2605 litera
1352 2552 1487 2619 mutata,

533 2641 596 2707 dici
611 2647 703 2730 quasi
718 2648 833 2721 inune,
849 2645 970 2708 scilicet
989 2644 1076 2731 quod
1092 2666 1154 2708 non
1170 2658 1219 2708 est
1235 2665 1345 2707 unum.
1390 2641 1486 2719 Quod

532 2757 639 2809 autom
656 2768 718 2811 non
734 2758 794 2823 est,
807 2744 887 2809 nihil
901 2759 958 2810 est.
1003 2749 1066 2810 Est
1081 2760 1187 2810 autem
1206 2743 1357 2830 primaeva
1369 2745 1485 2808 veritas

530 2847 564 2910 iu
580 2849 745 2932 majestate
761 2845 880 2911 divina.
909 2845 982 2910 Alia
995 2868 1069 2910 vero
1084 2857 1142 2921 est,
1156 2868 1230 2930 quae
1245 2846 1277 2908 in
1295 2845 1484 2910 Divinitatis

530 2948 673 3013 consistit
696 2946 845 3030 imagine,
862 2946 895 3010 id
911 2960 971 3026 est,
986 2946 1017 3010 iu
1041 2946 1227 3011 imitatione.
1272 2946 1383 3010 Omnis
1398 2947 1482 3010 enim

529 3071 590 3125 res,
614 3060 705 3113 tanto
727 3047 832 3112 verius
852 3060 914 3126 est,
935 3061 1058 3134 quanto
1079 3045 1249 3132 imaginem
1273 3048 1335 3113 Dei
1357 3046 1483 3112 fidelius

528 3149 697 3237 exprimit:
720 3163 754 3214 at
770 3163 892 3236 quanto
907 3149 948 3214 ab
963 3173 1000 3214 ea
1014 3150 1117 3235 magis
1132 3149 1250 3230 deficit,
1265 3162 1355 3214 tanto
1370 3149 1482 3214 falsius

528 3253 693 3322 evanescit.
740 3253 865 3339 Utique
879 3252 924 3317 sic
940 3266 977 3319 ut
992 3254 1088 3319 homo
1102 3253 1236 3318 vanitati
1257 3251 1366 3319 similis
1381 3252 1483 3318 sactus

526 3369 587 3434 eat,
609 3367 642 3421 et
664 3355 733 3421 dies
754 3356 824 3442 ejus
845 3357 928 3420 sicut
951 3356 1065 3420 umbra
1087 3367 1292 3442 praetereunt.
1339 3355 1412 3417 Non
1435 3368 1483 3419 est

527 3469 636 3522 autem
659 3459 784 3534 umbra,
808 3457 868 3522 nisi
890 3463 947 3523 lux
970 3457 1112 3544 corporis
1133 3457 1243 3544 aliquo
1266 3456 1483 3544 praepediatur

525 3561 713 3626 obstaculo:
752 3574 784 3625 et
814 3561 968 3648 quasdam
1004 3560 1128 3625 inducit
1166 3560 1311 3625 tenebras
1340 3559 1482 3623 absentia

527 3660 617 3725 lucis.
662 3664 753 3747 Ergo
780 3663 922 3728 veritatis
945 3661 1015 3726 luce
1040 3661 1179 3738 sublata,
1204 3664 1319 3725 erroris
1343 3662 1481 3725 tenebrae

525 3760 742 3828 invalescunt:
767 3785 855 3826 error
869 3785 944 3826 vero
962 3762 1055 3828 fallit.
1093 3762 1190 3826 Unde
1205 3782 1237 3827 et
1253 3761 1392 3826 veritatis
1407 3785 1480 3825 con-

524 3863 669 3939 trarium,
697 3887 717 3927 a
746 3862 886 3927 fallendo
909 3868 1052 3948 falsitas
1080 3867 1279 3929 nominatur:
1319 3863 1393 3948 quia
1421 3864 1478 3948 qui

523 3963 667 4029 ambulat
692 3962 726 4027 in
752 3964 901 4043 tenebris,
931 3965 1029 4029 nescit
1058 3987 1125 4050 quo
1155 3962 1262 4028 vadat.
1308 3964 1476 4047 Proprium

522 4065 652 4153 quidem
670 4065 810 4131 veritatis
825 4078 884 4141 est,
902 4065 1009 4129 fovere
1025 4065 1192 4146 rationem,
1208 4076 1241 4129 et
1259 4064 1429 4142 illustrare,
1445 4080 1477 4131 et

522 4168 675 4235 solidare:
699 4167 782 4232 sicut
802 4168 943 4242 rationis,
966 4190 1120 4253 quarere,
1141 4171 1266 4253 assequi
1280 4181 1311 4233 et
1327 4167 1474 4249 amplecti

521 4271 697 4336 veritatem.
738 4270 820 4333 Nam
837 4281 869 4334 et
885 4269 941 4334 lux
953 4268 1102 4350 exterior,
1114 4284 1150 4335 ut
1165 4269 1286 4334 dictum
1303 4285 1361 4349 est,
1372 4272 1473 4335 visum

519 4373 624 4437 fovet:
650 4395 699 4436 res
714 4372 815 4455 solida
830 4372 957 4437 roborat
978 4384 1109 4436 tactum.
1154 4374 1254 4436 Porro
1269 4371 1337 4435 liaec
1351 4372 1383 4435 in
1402 4373 1473 4435 Deo

519 4497 629 4550 unum,
653 4475 729 4560 quia
752 4475 844 4555 ratio,
866 4487 898 4539 et
921 4473 1054 4539 verbum
1077 4487 1244 4554 aeternum,
1266 4472 1305 4538 de
1329 4497 1361 4538 se
1384 4473 1473 4556 dicit,
