4242 5767
304 525 437 687 Odi!
478 500 624 715 limfis
673 545 844 671 dauon
884 616 1013 668 ,aaa
1062 570 1173 743 ostis
1201 557 1270 655 «u
1308 541 1465 645 ‘imm
1516 530 1708 634 stava„

573 895 614 954 98
831 906 967 951 Joaums
983 904 1261 951 sanasanmausrs
1407 887 1487 961 [nra.
1504 905 1526 949 1.

572 1075 726 1148 Socrates,
743 1084 780 1137 ut
803 1071 954 1148 traditur,
970 1084 1087 1136 natura
1105 1069 1253 1158 petulcus
1273 1082 1353 1147 erat,
1369 1083 1401 1134 et
1418 1070 1528 1134 mulie-

569 1194 660 1237 rosus
677 1173 724 1252 (ut
740 1172 838 1236 verbo
853 1184 926 1236 utar
940 1172 1092 1254 historiae)
1109 1184 1232 1236 naturae
1251 1184 1355 1236 tamen
1372 1171 1529 1256 intempe-
1590 1239 1593 1242 ,

569 1273 717 1350 santiam,
738 1271 945 1357 castigatione
967 1272 1189 1360 philosophiae,
1203 1285 1235 1338 et
1256 1270 1386 1336 virtutis
1407 1273 1528 1336 exerci-

570 1373 689 1440 tatione
698 1375 857 1461 repressit,
868 1387 900 1438 et
910 1373 1045 1438 domuit.
1074 1374 1256 1439 Obtusioris
1266 1373 1384 1459 ingenii
1395 1373 1528 1438 tradunt

569 1474 667 1540 fuisse
686 1478 841 1542 Scaurum
858 1473 996 1551 Rufum,
1013 1475 1068 1539 sed
1083 1475 1253 1541 sedulitate
1273 1474 1428 1549 exercitii,
1445 1474 1528 1537 inid

568 1576 685 1642 virium
699 1577 847 1652 evasisse,
863 1588 901 1641 ut
913 1577 1098 1642 Ciceronem
1113 1578 1219 1664 ipsum
1237 1574 1414 1661 Allobroga
1429 1576 1529 1639 nomi-

568 1672 669 1744 naret.
710 1677 744 1742 Si
758 1676 912 1763 exemplis
927 1676 1082 1741 utendum
1100 1679 1208 1758 fuerit,
1224 1678 1368 1764 undique
1382 1677 1439 1741 fiet
1453 1698 1528 1740 con·

568 1780 727 1866 spicuum,
743 1779 820 1865 quia
834 1801 892 1842 neo
907 1776 1075 1864 diligentia
1089 1777 1192 1841 inanis
1205 1791 1264 1854 eet,
1281 1776 1338 1842 ubi
1352 1790 1400 1841 eet
1416 1784 1529 1840 natura

542 1878 731 1954 'obtusior3
762 1894 794 1946 et
817 1903 874 1944 neo
893 1879 1036 1943 abundat
1060 1902 1150 1959 cura,
1172 1891 1286 1965 utpote
1306 1876 1477 1964 superflua,
1497 1888 1530 1941 et

569 1984 613 2046 sic
637 1996 673 2046 ut
695 1981 793 2046 fuerit
816 1980 857 2043 ad
884 1979 1008 2065 aliquid
1030 1981 1191 2065 agendum
1215 1997 1330 2046 natura
1353 1977 1529 2065 benignior.

571 2082 662 2146 Licet
684 2081 767 2145 enim
791 2080 981 2166 plerumque
1002 2094 1117 2145 natura
1139 2081 1331 2155 dominetur,
1347 2093 1378 2144 et
1403 2081 1443 2143 sit
1459 2102 1533 2164 pro·

569 2181 679 2247 clivior
694 2182 727 2245 in
743 2180 914 2252 alterutro;
940 2193 1057 2256 tamen,
1074 2180 1155 2244 sicut
1171 2179 1264 2245 facile
1278 2181 1496 2264 corrumpitur
1510 2203 1531 2245 a

569 2282 774 2370 negligentia,
796 2283 840 2348 sie
862 2303 881 2344 a
902 2280 1041 2358 cultura,
1057 2293 1089 2346 et
1111 2304 1130 2346 a
1150 2303 1227 2345 cura
1248 2281 1421 2368 saepissime
1442 2304 1531 2345 man-

573 2388 700 2451 suescit.

676 2498 781 2551 Natura
791 2497 869 2552 tieret
879 2498 1012 2553 landabile
1023 2517 1136 2566 carmen,
1149 2517 1183 2552 an
1194 2506 1261 2566 arte,

673 2585 820 2650 Quaesitum
832 2590 887 2638 est:
906 2603 956 2654 ego
966 2604 1015 2639 neo
1026 2586 1141 2639 sutilium
1152 2588 1209 2640 sine
1220 2588 1302 2640 divite
1313 2606 1390 2653 vena,

676 2669 735 2723 Nec
747 2669 812 2722 rude
824 2670 885 2740 qaid
898 2672 980 2742 poenit
991 2672 1066 2724 video
1078 2673 1227 2739 ingenium:
1246 2672 1355 2726 alterius
1368 2675 1405 2726 sic

676 2754 772 2808 Altera
782 2756 865 2827 poscit
876 2773 951 2828 opem
962 2773 1014 2820 res,
1026 2762 1054 2809 et
1065 2757 1183 2828 conjurat
1194 2758 1285 2810 amice.
1312 2788 1313 2791 =

615 2857 751 2922 Prodest
775 2858 888 2943 utique
910 2873 1035 2935 natura,
1051 2857 1107 2922 sed
1129 2873 1260 2923 eatenus
1281 2873 1336 2925 aut
1353 2881 1530 2946 nunquam,

571 2972 628 3023 aut
643 2980 726 3033 raro,
743 2971 780 3021 ut
803 2961 869 3022 siue
890 2960 998 3023 studio
1012 2958 1139 3023 eulmen
1159 2961 1319 3026 obtineat:
1347 2961 1426 3025 nihil
1446 2963 1529 3026 enim

571 3072 618 3124 est
638 3074 703 3122 tam
725 3057 880 3136 validum,
898 3072 961 3123 tam
983 3061 1164 3140 robustum,
1180 3062 1267 3147 quod
1290 3062 1452 3146 diligentia
1468 3086 1530 3127 non

571 3172 711 3235 enervet,
725 3157 803 3223 nihil
820 3172 883 3223 tam
900 3174 1052 3241 erectum,
1064 3161 1153 3246 quod
1169 3184 1230 3225 non
1247 3163 1391 3238 deliciat;
1414 3165 1497 3230 sieut
1513 3189 1531 3229 e

572 3275 683 3327 contra
691 3259 867 3348 quamlibet
877 3261 1027 3325 humilem
1038 3261 1186 3348 gradum,
1196 3288 1273 3329 cura
1282 3265 1418 3352 diligens
1426 3265 1532 3352 erigit,

572 3378 604 3429 et
624 3377 799 3429 conservat.
844 3366 934 3448 Ergo
956 3363 982 3428 si
1002 3378 1119 3429 natura
1141 3367 1281 3452 propitia
1298 3381 1356 3449 est,
1372 3371 1531 3434 contemni

572 3486 636 3528 non
658 3463 765 3539 debet,
782 3463 837 3529 sed
859 3464 968 3548 {tc-01⁸1
978 3479 1015 3534 ut
1036 3464 1130 3531 facile
1145 3470 1266 3552 prosit:
1294 3469 1321 3534 si
1335 3470 1480 3548 adversa,
1494 3492 1532 3533 eo

572 3564 805 3650 diligentiorem
819 3567 941 3632 cultum
957 3567 1069 3653 exigit,
1083 3581 1118 3633 ut
1134 3591 1195 3654 ope
1211 3570 1350 3646 virtutis,
1362 3569 1484 3634 felicius
1499 3586 1532 3634 et

572 3664 742 3748 gloriosius
756 3666 938 3730 invalescat.

575 3851 654 3935 Cap.
670 3854 701 3913 9.
735 3851 828 3925 Quod
852 3851 994 3912 homines
1018 3852 1143 3914 nir‘itur
1167 3851 1310 3935 elingues
1324 3855 1449 3935 fucere,
1476 3856 1533 3936 qui

886 3953 1217 4034 logioamimpuguot.

619 4073 703 4150 Qnts
733 4081 842 4134 autem
872 4071 914 4135 ab
943 4076 1004 4155 o'pe
1029 4083 1153 4135 naturae
1183 4072 1268 4136 hunc
1294 4087 1459 4139 assecutus
1483 4087 1531 4138 est

576 4173 718 4249 titulum,
734 4184 771 4236 ut
785 4171 852 4235 sine
875 4171 984 4236 studio
1004 4171 1036 4234 in
1058 4171 1217 4251 omnibus,
1234 4176 1331 4238 immo
1347 4175 1397 4239 vel
1412 4175 1444 4238 in
1467 4198 1532 4239 una

575 4276 770 4362 linguarum,
785 4272 1066 4360 eloquentissimus
1080 4274 1272 4339 haberetur?
1298 4277 1411 4363 utique
1426 4277 1451 4340 si
1468 4276 1532 4341 elo·

576 4390 725 4463 quentem
744 4399 822 4456 esse,
837 4375 956 4438 bonum
972 4388 1031 4453 est,
1045 4389 1078 4440 et
1097 4376 1402 4462 eloquentissimum,
1417 4377 1532 4443 melius

576 4480 647 4543 erit.
695 4479 810 4565 Neque
825 4480 906 4543 enim
923 4474 974 4540 hic
989 4476 1019 4540 in
1037 4479 1231 4544 contrarium
1253 4480 1340 4558 boni,
1356 4480 1444 4566 quod
1459 4501 1531 4567 pro-
