4242 5767
701 880 764 940 096
960 896 1097 942 soauurs
1112 897 1391 943 saussaaarausrs

791 1049 919 1130 Spargit
933 1051 1053 1134 ubique
1068 1053 1182 1130 bonos,
1198 1051 1282 1114 unde
1298 1055 1424 1135 placere
1440 1061 1549 1136 queat.

705 1149 822 1212 Castus
836 1172 925 1214 amor
939 1154 1034 1216 rebus
1049 1154 1097 1217 sie
1112 1175 1239 1237 semper
1253 1154 1393 1218 adhaeret
1406 1154 1562 1227 honestis,

792 1252 888 1323 Quod
903 1275 962 1317 nec
979 1255 1027 1317 vis
1042 1255 1144 1336 major
1157 1256 1329 1319 dissociare
1343 1266 1469 1340 potest;
1577 1259 1664 1318 1700

705 1355 847 1417 Virtutes
861 1356 946 1420 locat
961 1357 992 1418 in
1009 1358 1133 1435 eastris,
1147 1358 1193 1420 sic
1209 1360 1316 1421 omnia
1331 1359 1443 1436 muuit,

791 1457 839 1520 Ut
852 1459 975 1521 nullum
991 1459 1094 1542 possit
1109 1459 1210 1522 hostis
1224 1461 1341 1523 habere
1356 1461 1470 1523 locum.

706 1557 770 1621 Sed
786 1560 879 1622 timor
892 1560 925 1622 in
942 1581 1043 1639 servo,
1059 1562 1163 1625 valeat
1176 1561 1252 1624 dum
1269 1584 1365 1646 poena
1380 1562 1495 1636 careri,

792 1662 843 1724 Ad
859 1664 985 1726 facilem
1001 1675 1158 1747 quaestum
1172 1663 1266 1728 cedet
1280 1665 1402 1749 eritque
1418 1684 1549 1741 nocens,

705 1762 750 1826 Et
765 1765 856 1827 samaa
872 1779 991 1842 custos,
1007 1766 1084 1828 dum
1100 1764 1202 1850 possit
1218 1768 1313 1850 culpa
1327 1767 1436 1843 latere,
1574 1769 1661 1829 1705

791 1867 962 1931 Consentit
975 1869 1058 1931 vitiis
1075 1868 1195 1953 absque
1209 1869 1324 1931 rubore
1339 1869 1452 1952 pudor.

706 1968 779 2033 Non
796 1971 844 2033 sie
859 1991 951 2033 rerus
967 1993 1065 2049 amor,
1080 1973 1136 2056 qui
1151 1991 1225 2035 casu
1242 1970 1327 2034 fidus
1342 1972 1373 2032 in
1391 1970 1477 2033 omni

790 2073 947 2136 Virtutem
965 2076 1064 2136 solam
1081 2074 1199 2156 gaudet
1213 2075 1318 2136 inesse
1335 2073 1406 2135 sibi.

704 2173 756 2237 Ob
772 2195 885 2237 causas
900 2172 1001 2237 varias
1016 2188 1201 2259 quaeruntur
1215 2185 1342 2251 caetera,
1357 2175 1455 2237 virtus

789 2275 832 2339 Se
849 2286 1001 2338 contenta
1015 2277 1061 2338 sui
1079 2277 1209 2360 praemia
1225 2297 1352 2358 semper
1365 2276 1475 2354 habet,
1574 2279 1662 2338 1800

703 2379 820 2441 Omnia
836 2378 941 2441 virtuti
957 2379 1062 2440 satalia
1079 2377 1249 2441 commoda
1264 2376 1393 2456 cedunt,

793 2477 921 2542 Virtutis
935 2479 1056 2542 fructus
1072 2489 1122 2542 eat
1135 2479 1167 2541 irr
1184 2499 1291 2542 amore
1306 2479 1372 2561 pio.

704 2583 794 2646 Sicut
808 2593 897 2645 casta
911 2579 1006 2645 fidem
1023 2582 1158 2665 cupiens
1173 2592 1295 2644 servata
1311 2583 1426 2645 marito

791 2684 922 2768 Conjux
938 2683 1081 2747 declinat
1096 2697 1129 2748 et
1145 2683 1290 2747 studiosa
1304 2683 1395 2763 fugit,

703 2787 753 2852 Ne
769 2787 942 2871 corruptori
959 2798 1067 2869 pateat
1081 2789 1172 2850 locus
1188 2787 1271 2848 ullus
1287 2786 1329 2848 ad
1345 2787 1459 2869 ipsam,
1573 2790 1660 2852 1800

791 2895 975 2974 Aspectum,
991 2889 1086 2967 risus,
1101 2909 1241 2967 munera,
1256 2885 1361 2961 verba,
1373 2887 1467 2972 jocos

702 2994 932 3067 Contemnens,
943 2991 1088 3053 meritum
1104 3002 1137 3052 et
1151 3011 1268 3053 nomen
1280 2990 1472 3054 moechantis
1487 2991 1658 3055 abhorret:

788 3092 841 3154 Sic
858 3111 984 3152 omnem
1001 3090 1131 3173 culpam
1146 3102 1277 3154 sanctus
1292 3089 1440 3155 abhorret
1454 3113 1551 3155 amor.

927 3190 979 3254 De
990 3193 1102 3272 qratia
1116 3200 1148 3254 et
1162 3192 1262 3254 libero
1277 3193 1423 3256 arbitria.

702 3299 814 3363 Gratia
829 3299 898 3360 sola
911 3297 1000 3380 pium
1016 3296 1099 3379 parit
1114 3307 1145 3359 et
1159 3295 1328 3360 confirmat
1342 3316 1493 3372 amorem,

789 3401 851 3464 Cui
867 3399 960 3462 timor
975 3396 1107 3460 inservit
1121 3398 1343 3481 ingenuusque
1359 3397 1470 3481 pudor.
1572 3401 1659 3463 1810

702 3503 787 3568 llud
803 3504 871 3565 sola
886 3501 964 3563 nibil
981 3500 1127 3563 meritum
1143 3521 1207 3563 non
1224 3501 1335 3563 asserit
1349 3520 1430 3575 esse,

788 3603 873 3666 Nam
887 3603 984 3677 bona,
999 3621 1072 3682 quae
1087 3600 1232 3678 facimus,
1247 3599 1377 3683 spiritus
1393 3599 1478 3663 intus
1494 3598 1562 3675 alit,

624 3767 635 3775 ,
701 3705 792 3769 Istud
809 3703 878 3766 sola
892 3702 996 3779 docet,
1013 3703 1178 3783 quoniam,
1194 3702 1220 3764 si
1237 3702 1336 3783 gratia
1351 3700 1446 3778 desit,

787 3803 836 3864 Ad
853 3804 939 3864 bona
954 3813 1075 3865 naturae
1089 3803 1180 3866 nisus
1194 3804 1300 3865 inanis
1314 3804 1384 3880 erit,

700 3904 791 3971 istud
807 3903 875 3965 sola
891 3901 996 3976 docet,
1010 3901 1097 3983 quod
1113 3923 1211 3965 eausa
1225 3903 1268 3965 sit
1282 3925 1347 3967 una
1361 3905 1472 3966 salutis
1569 3905 1654 3968 1815

783 4002 906 4080 Gratia,
921 4022 992 4085 quae
1007 4001 1151 4063 meritum
1168 4003 1315 4084 provehit
1329 4014 1423 4086 atque
1439 4005 1530 4086 parit.

700 4107 878 4173 Arbitrium
893 4103 997 4169 carnis
1011 4113 1060 4165 est
1075 4101 1185 4185 gratia,
1201 4102 1315 4164 mentis
1330 4102 1449 4182 imago,

785 4211 898 4274 Mente
913 4227 986 4272 caro
1002 4204 1078 4269 vivit
1092 4203 1319 4287 arbitriumque
1336 4202 1418 4266 Deo.

701 4316 738 4377 ln
754 4313 880 4374 cineres
895 4327 969 4372 caro
984 4307 1075 4392 lapsa
1089 4303 1180 4376 redit,
1197 4303 1223 4367 si
1238 4302 1366 4387 spiritus
1382 4304 1478 4381 absit,

786 4414 861 4475 Hoc
877 4411 944 4474 abit
959 4409 991 4473 in
1007 4421 1119 4473 terram
1137 4407 1329 4470 destituente
1348 4407 1429 4469 Deo.
1570 4413 1652 4472 1800

699 4513 870 4576 Vermibus
886 4533 959 4574 esca
974 4509 1067 4572 datur
1082 4512 1197 4572 soetens
1212 4528 1287 4571 caro
1303 4520 1408 4571 mente
1424 4525 1554 4586 remota,

784 4614 857 4678 Hoc
874 4612 965 4676 cibus
980 4624 1027 4673 est
1044 4611 1159 4674 soeterrs
1175 4609 1335 4674 verruibus
1350 4612 1471 4696 absque
1489 4613 1569 4675 Deo.
