4242 5767
795 873 857 930 804
1011 885 1148 931 Jorurus
1166 880 1452 943 srerseeruersre,
1469 868 1529 929 &e

882 1039 1057 1102 Constituit
1073 1039 1175 1113 vobiS,
1192 1050 1225 1102 et
1241 1036 1331 1100 dedit
1348 1058 1418 1099 esse
1436 1058 1562 1100 cocum.

793 1139 879 1204 lude
895 1162 974 1224 puro
991 1142 1081 1203 vobis
1096 1160 1198 1214 escae,
1214 1140 1367 1202 alimenta
1383 1138 1536 1215 ministro,

879 1242 987 1305 Vitem
1004 1263 1169 1319 conserv0,
1184 1262 1289 1324 pauca
1306 1261 1429 1302 reservo
1445 1240 1534 1301 mihi.

794 1342 892 1415 Quod
907 1343 992 1405 detis
1007 1341 1145 1426 accipio,
1160 1353 1346 1426 susceptum
1362 1341 1521 1425 decoquo,
1536 1351 1666 1406 coctum

880 1445 1045 1508 Distribuo
1061 1445 1164 1519 vobis,
1182 1445 1300 1508 serrula
1315 1464 1450 1527 quaeque
1466 1464 1550 1525 gero.

793 1547 827 1610 Si
844 1568 899 1608 ros
914 1546 1069 1627 ingeritis,
1085 1567 1145 1626 ego
1161 1546 1289 1627 digero:
1314 1545 1401 1627 quod
1418 1558 1525 1619 nocet,
1540 1544 1621 1606 illud

880 1648 1006 1732 Egere:
1031 1646 1118 1731 quod
1134 1648 1276 1731 prodest,
1291 1648 1393 1710 hocce
1409 1651 1525 1730 cuique
1541 1667 1628 1727 gero.

792 1752 920 1835 Pauper
935 1770 1005 1813 sum
1021 1771 1138 1822 servus,
1156 1749 1202 1812 nil
1217 1770 1348 1832 possum
1365 1770 1484 1832 ponere
1500 1748 1601 1824 vobis,

880 1853 914 1915 Si
929 1853 976 1915 nil
992 1842 1162 1914 consertis:
1186 1873 1261 1914 nam
1277 1872 1348 1914 mea
1363 1853 1459 1933 byrsa
1473 1861 1576 1912 vacat.

794 1955 864 2018 Nee
880 1955 1014 2016 nimium
1030 1975 1118 2030 curo,
1133 1975 1194 2017 nec
1210 1975 1270 2034 ego
1286 1953 1453 2016 minimum
1470 1949 1546 2014 mihi
1562 1971 1682 2034 quaero.

880 2056 919 2118 Iu
935 2054 1042 2116 medio
1058 2056 1180 2137 positus
1195 2065 1270 2137 opto
1285 2066 1391 2116 tenere
1407 2052 1547 2116 modum.

793 2159 821 2219 Α
837 2158 935 2219 nimio
950 2157 1082 2218 veniunt
1096 2154 1239 2233 fastidia,
1249 2156 1392 2234 crimina,
1407 2156 1550 2228 morbus,

881 2257 1029 2339 Crepula,
1045 2256 1180 2318 luxuriae
1196 2257 1261 2332 sax,
1276 2257 1445 2340 laterisque
1462 2255 1561 2318 dolor.

793 2363 821 2424 A
835 2359 969 2422 minimo
984 2359 1119 2420 veniunt
1134 2358 1256 2421 insestae
1273 2358 1382 2421 mortis
1398 2358 1516 2438 imago,

879 2461 980 2525 Frons
996 2459 1103 2538 tristiS,
1117 2460 1216 2524 facies
1231 2459 1363 2542 pallida,
1377 2460 1454 2523 laxa
1469 2460 1561 2523 cutis.

792 2568 822 2629 A
836 2564 942 2629 medio
958 2564 1092 2627 veniunt
1105 2584 1196 2626 mens
1211 2584 1337 2646 semper
1352 2561 1467 2640 sobria,
1485 2582 1601 2644 corpus

877 2668 1071 2743 Robustum,
1085 2665 1162 2728 felix
1179 2665 1255 2743 vite,
1270 2686 1382 2728 serene
1397 2664 1499 2748 quies.

791 2768 881 2848 Ergo
896 2767 956 2829 sibi
973 2776 1086 2830 caveat
1101 2763 1200 2839 duee,
1216 2786 1256 2827 ne
1273 2764 1403 2827 devoret
1417 2763 1500 2826 ultre

877 2869 983 2941 Quam
998 2867 1074 2931 satis
1089 2877 1122 2929 et
1135 2887 1257 2949 pauper
1272 2877 1361 2928 curat
1376 2865 1493 2927 hebere
1509 2884 1621 2946 parum

791 2971 837 3033 Et
851 2990 918 3047 vos,
932 2969 961 3031 si
975 2967 1099 3050 sapitis,
1113 2977 1234 3028 servate
1250 2965 1381 3028 modum
1396 2965 1476 3028 mihi
1492 2963 1611 3041 dando,

879 3071 1161 3152 Dispensatorem
1176 3088 1234 3152 pro
1246 3069 1367 3131 ratione
1383 3068 1459 3131 deti.

790 3173 884 3255 Saepe
901 3170 978 3234 mihi
996 3168 1126 3248 debitis,
1142 3170 1217 3254 quia
1231 3170 1325 3233 vultis
1340 3192 1426 3254 saepe
1441 3170 1561 3234 cibari:

877 3275 1026 3358 Namque
1042 3294 1099 3357 per
1113 3273 1175 3336 hoc
1191 3273 1283 3336 vobis
1298 3275 1362 3336 rite
1371 3274 1520 3357 salusque
1537 3271 1639 3334 datur.

790 3376 927 3458 Surgite,
943 3398 984 3440 ne
999 3374 1109 3439 mortis
1123 3374 1257 3439 inducat
1272 3374 1386 3438 inertie
1400 3394 1565 3450 somnum:

877 3478 998 3541 Somno
1014 3475 1144 3540 desidiae
1154 3474 1268 3559 judico
1283 3495 1368 3556 saepe
1383 3474 1473 3538 mori.

789 3579 941 3662 Turpiter
955 3577 1129 3655 occumbit,
1146 3596 1241 3659 quem
1258 3584 1366 3658 torpor
1380 3577 1532 3640 vulnerat.
1569 3576 1659 3656 Ergo

876 3678 1012 3759 surgite,
1027 3699 1112 3741 mors
1127 3687 1292 3760 properat:
1316 3677 1430 3752 sentio,
1447 3678 1513 3740 vita
1527 3677 1634 3759 sugit?

791 3777 918 3838 Ventris
932 3777 974 3838 ad
989 3777 1048 3839 hae
1065 3797 1170 3849 voces,
1186 3777 1399 3840 membrorum
1414 3779 1508 3841 turba
1522 3778 1653 3841 resumit

877 3875 980 3950 Vires,
993 3885 1027 3936 et
1041 3873 1168 3938 rediens
1182 3874 1288 3938 induit
1302 3897 1389 3943 arma
1405 3879 1504 3959 rigor.

790 3977 939 4061 Surgunt,
956 3974 1072 4038 officiis
1088 3975 1248 4052 insistunt,
1263 3974 1371 4039 debite
1386 3980 1524 4054 solvunt,

878 4078 1049 4160 invigilant
1065 4076 1153 4160 operi
1168 4075 1297 4156 singule
1312 4079 1455 4140 membra
1471 4099 1540 4141 suo.

789 4186 879 4258 Quos
894 4183 1000 4245 socios
1015 4181 1089 4243 vitre
1104 4177 1181 4242 feeit
1194 4189 1319 4253 nature,
1334 4177 1453 4242 laboris

876 4289 983 4369 Atque
997 4281 1103 4347 oneris
1119 4282 1222 4345 socios
1237 4289 1349 4344 mutue
1363 4302 1440 4345 eura
1455 4281 1539 4347 sacit.

789 4389 845 4451 Sic
860 4387 949 4448 litem
966 4387 1082 4468 sepelit
1096 4385 1169 4448 laeto
1185 4382 1358 4449 eoncordia
1372 4383 1447 4460 fine,

876 4486 942 4549 Hic
958 4507 1088 4570 quoque
1104 4487 1171 4550 vult
1185 4485 1283 4550 finem
1298 4505 1425 4550 carmen
1441 4486 1560 4551 habere
1575 4508 1679 4552 suum.
