4242 5767
592 890 630 948 10
973 900 1153 945 raoaoaus.

586 1075 696 1116 verum
712 1074 792 1127 esse,
808 1050 895 1137 quod
914 1051 1042 1136 loquor:
1068 1050 1122 1114 sed
1138 1072 1194 1114 seu
1210 1072 1332 1127 verum,
1348 1072 1403 1114 seu
1419 1051 1535 1115 falsum

586 1154 638 1232 sit,
653 1151 719 1216 sola
733 1150 958 1238 probabilitate
972 1161 1139 1214 contentus
1153 1171 1235 1214 sum.
1263 1147 1328 1229 Tu,
1344 1161 1380 1214 ut
1395 1150 1536 1228 libuerit,

588 1255 734 1318 univorsa
749 1252 955 1327 examinabis,
970 1265 1002 1315 et
1017 1250 1154 1335 singula,
1169 1252 1247 1337 quia
1258 1265 1289 1315 te
1299 1250 1441 1337 judicem
1458 1253 1537 1343 meis

585 1354 747 1440 opusculis
761 1355 952 1430 consecravi,
968 1353 1044 1417 d‘um
1057 1353 1230 1439 intelligam
1247 1354 1336 1438 quod
1352 1353 1428 1416 mihi
1439 1375 1536 1439 opera

584 1478 647 1519 non
664 1469 783 1542 pereat,
802 1469 833 1520 et
858 1455 1010 1539 impensa.
1056 1455 1152 1532 Quod
1178 1459 1204 1520 si
1222 1454 1320 1541 (quod
1342 1454 1440 1539 absit)
1462 1475 1535 1519 oon·

585 1557 704 1643 tigerit,

725 1674 862 1726 Inveniam
874 1673 955 1726 alium
967 1675 988 1726 si
1000 1691 1043 1726 me
1055 1673 1097 1726 hic
1109 1672 1210 1726 fastidit
1223 1672 1329 1734 Alexis,

584 1775 820 1863 philosophanti
835 1776 1010 1863 quemlibet
1027 1777 1199 1861 praeferens
1214 1776 1411 1840 histrionem.
1457 1777 1534 1842 Tria

585 1877 713 1963 quidem
730 1889 804 1942 sunt
817 1878 865 1955 (ut
881 1877 922 1941 de
933 1876 1063 1941 consilio
1075 1899 1144 1940 meo
1156 1876 1328 1962 perfectius
1343 1877 1534 1960 instruaria)

584 1999 659 2062 quae
675 2000 737 2041 non
752 1977 847 2041 modo
859 1978 936 2043 mihi
948 1991 1081 2056 metum,
1092 1977 1147 2042 sed
1158 1978 1319 2062 plerisque
1328 1977 1538 2062 scriptoribus

583 2076 761 2163 periculum
792 2077 913 2152 salutis,
944 2090 1000 2141 aut
1016 2076 1121 2142 meriti
1151 2076 1353 2162 dispendium
1374 2077 1533 2141 afferunt:

585 2179 772 2263 Ignorantia
793 2179 871 2254 veri,
888 2177 986 2242 fallax
1007 2191 1064 2242 aut
1084 2191 1234 2264 proterva
1253 2177 1384 2242 assertio
1403 2177 1487 2254 falsi,
1502 2192 1535 2243 et

584 2280 709 2344 tumida
728 2280 881 2367 professio
896 2279 1049 2344 veritatis.
1094 2279 1178 2345 Novi
1201 2278 1283 2342 enim
1307 2277 1380 2364 quis
1394 2278 1532 2344 dixerit:

589 2383 711 2446 Tutius
732 2382 869 2444 auditur
888 2384 1017 2462 ventos,
1031 2403 1129 2464 quom
1144 2380 1276 2443 dicatur.
1323 2385 1361 2445 lu
1375 2381 1536 2445 audiendo

584 2482 667 2547 enim
689 2481 869 2546 custoditur
891 2480 1065 2560 humilitas,
1087 2481 1188 2544 sedin
1205 2480 1340 2546 dicendo
1362 2481 1534 2565 saepissime

584 2583 727 2668 subrepit
742 2583 847 2649 elatio.
893 2581 964 2666 Ego
985 2594 1092 2645 autern
1108 2581 1141 2644 in
1163 2582 1311 2647 omnibus
1333 2581 1382 2647 his
1397 2605 1533 2668 agnosco

583 2705 718 2747 errorem
737 2705 854 2758 meum,
871 2682 969 2767 quiet
985 2703 1089 2744 rerum
1107 2683 1287 2765 ignorantia
1297 2682 1417 2762 laboro,
1431 2696 1465 2747 et
1475 2682 1534 2746 fal-

584 2807 653 2848 sum
666 2785 794 2870 saepius,
805 2796 836 2848 et
849 2783 950 2867 magis
962 2803 1059 2868 quarn
1072 2783 1233 2868 expediat,
1246 2794 1349 2862 tueor,
1360 2795 1391 2846 et
1404 2782 1535 2870 plerun-

583 2904 647 2966 que
661 2882 793 2955 tumide,
806 2894 919 2946 etcum
931 2880 1079 2960 elatione,
1093 2879 1196 2942 donec
1207 2901 1257 2942 me
1269 2883 1360 2944 Deus
1371 2881 1533 2966 corripiat,

583 2994 615 3047 et
644 2981 793 3068 corrigat,
823 2984 923 3067 ipsam
956 2980 1082 3066 profero
1112 2980 1287 3044 veritatem.
1346 2979 1443 3044 Unde
1473 2982 1533 3046 lec-

584 3096 683 3147 torem
713 3094 746 3147 et
774 3083 965 3161 auditorem,
984 3092 1106 3168 quanta
1135 3102 1261 3166 possum
1292 3080 1533 3166 supplicatione,

583 3184 745 3264 convenio,
770 3198 807 3249 ut
832 3185 864 3247 in
890 3181 1088 3247 orationibus
1113 3181 1178 3245 suis
1201 3203 1355 3245 memores
1380 3185 1443 3247 mei
1471 3184 1533 3249 sint

583 3285 671 3368 apud
696 3285 910 3361 Altissimum,
940 3284 1146 3369 impetrantes
1176 3283 1255 3347 mihi
1283 3282 1532 3368 praecedentium

584 3387 704 3451 veniam
717 3388 919 3468 delictorum,
928 3391 1083 3452 cautelam
1091 3386 1287 3460 futurorum,
1299 3386 1445 3452 notitiam
1457 3389 1533 3463 veri,

583 3512 719 3555 amorem
743 3492 830 3568 boni,
853 3492 977 3557 cultum
1001 3492 1075 3568 Dei,
1097 3503 1130 3554 et
1151 3502 1187 3554 ut
1210 3488 1315 3570 corde,
1337 3512 1403 3566 ore,
1425 3513 1532 3576 opere,

583 3603 790 3655 exerceantur
819 3614 839 3654 a
864 3590 966 3667 nobis,
993 3613 1067 3675 quoe
1092 3589 1210 3653 diviua·
1235 3603 1310 3655 sunt
1336 3591 1454 3677 placita
1479 3615 1533 3656 vo-

584 3689 709 3753 luntati.
